%%%%%%%%%%%%%%%%%%%%%%%%%%%%%%%%%%
%
%  LHCb papers
%
%%%%%%%%%%%%%%%%%%%%%%%%%%%%%%%%%%

@article{LHCb-PAPER-2013-036,
      author         = "Aaij, R. and others",
      title          = "{}",
      collaboration  = "LHCb collaboration",
      year           = "2013",
      report         = "{LHCb-PAPER-2013-036}",
      note           = "{in preparation}",
}

@article{LHCb-PAPER-2013-035,
      author         = "Aaij, R. and others",
      title          = "{Observation of the decay $\Bs\to\Dzb\phi$}",
      collaboration  = "LHCb collaboration",
      year           = "2013",
      report         = "{LHCb-PAPER-2013-035}",
      note           = "{in preparation}",
}

@article{LHCb-PAPER-2013-034,
      author         = "Aaij, R. and others",
      title          = "{Branching fraction ratio and CP asymmetry measurements of the $B^{+} \to K^{0} \pi^{+}$ and $B^{+} \to \overline{K}^{0} K^{+}$ decays}",
      collaboration  = "LHCb collaboration",
      year           = "2013",
      report         = "{LHCb-PAPER-2013-034}",
      note           = "{in preparation}",
}

@article{LHCb-PAPER-2013-033,
      author         = "Aaij, R. and others",
      title          = "{Time-integrated $a_{\rm sl}^s$ measurement}",
      collaboration  = "LHCb collaboration",
      year           = "2013",
      report         = "{LHCb-PAPER-2013-033}",
      note           = "{in preparation}",
}

@article{LHCb-PAPER-2013-032,
      author         = "Aaij, R. and others",
      title          = "{Precision measurement of the $\Lb$ baryon lifetime}",
      collaboration  = "LHCb collaboration",
      year           = "2013",
      report         = "{LHCb-PAPER-2013-032}",
      note           = "{in preparation}",
}

@article{LHCb-PAPER-2013-031,
      author         = "Aaij, R. and others",
      title          = "{$B^+\to p\bar ph^+$ : \CP asymmetries, dynamics, and observation of $B^+\to \Lbar(1520) p$}",
      collaboration  = "LHCb collaboration",
      year           = "2013",
      report         = "{LHCb-PAPER-2013-031}",
      note           = "{in preparation}",
}

@article{LHCb-PAPER-2013-030,
      author         = "Aaij, R. and others",
      title          = "{Search for the lepton-flavour violating decays $B_{s}^{0} \to e^{\pm} \mu^{\mp}$ and $B^{0} \to e^{\pm} \mu^{\mp}$}",
      collaboration  = "LHCb collaboration",
      year           = "2013",
      report         = "{LHCb-PAPER-2013-030}",
      note           = "{in preparation}",
}

@article{LHCb-PAPER-2013-029,
      author         = "Aaij, R. and others",
      title          = "{Limits on the $B^0_{(s)} \to J/\psi p\bar{p}$ and $B^+ \to J/\psi p\bar{p}\pi^+$ decays}",
      collaboration  = "LHCb collaboration",
      year           = "2013",
      report         = "{LHCb-PAPER-2013-029}",
      note           = "{in preparation}",
}

@article{LHCb-PAPER-2013-028,
      author         = "Aaij, R. and others",
      title          = "{Measurement of the relative rate of prompt $\chi_{c1}$, $\chi_{c2}$ and $\chi_{c0}$ production at $\sqrt{s}=7 \tev$}",
      collaboration  = "LHCb collaboration",
      year           = "2013",
      report         = "{LHCb-PAPER-2013-028}",
      note           = "{in preparation}",
}

@article{LHCb-PAPER-2013-027,
      author         = "Aaij, R. and others",
      title          = "{\CP violation in the phase space of $B^\pm \to K^\pm\pi^+\pi^-$ and $B^\pm \to K^\pm K^+K^-$}",
      collaboration  = "LHCb collaboration",
      year           = "2013",
      eprint         = "1306.1246",
      archivePrefix  = "arXiv",
      primaryClass   = "hep-ex",
      reportNumber   = "LHCB-PAPER-2013-027, CERN-PH-EP-2013-090",
      SLACcitation   = "%%CITATION = ARXIV:1306.1246;%%",
      note           = "{submitted to Phys. Rev. Lett.}",
}

@article{LHCb-PAPER-2013-026,
      author         = "Aaij, R. and others",
      title          = "{Search for new charmed mesons in $\Dp\pim$, $\Dz\pip$ and $D^{*+}\pim$ final states}",
      collaboration  = "LHCb collaboration",
      year           = "2013",
      report         = "{LHCb-PAPER-2013-026}",
      note           = "{in preparation}",
}

@article{LHCb-PAPER-2013-025,
      author         = "Aaij, R. and others",
      title          = "{Measurement of the differential branching fraction of the decay $\Lb \to \Lz \mumu$}",
      collaboration  = "LHCb collaboration",
      year           = "2013",
      eprint         = "1306.2577",
      archivePrefix  = "arXiv",
      primaryClass   = "hep-ex",
      reportNumber   = "LHCB-PAPER-2013-025, CERN-PH-EP-2013-094",
      SLACcitation   = "%%CITATION = ARXIV:1306.2577;%%",
      note           = "{submitted to Phys. Lett. B}",
}

@article{LHCb-PAPER-2013-024,
      author         = "Aaij, R. and others",
      title          = "{Observation of $B^0_s\rightarrow\chi_{c1}\phi$ decay and study of $B^0\rightarrow\chi_{c1,2}K^{*0}$ decays}",
      collaboration  = "LHCb collaboration",
      year           = "2013",
      eprint         = "1305.6511",
      archivePrefix  = "arXiv",
      primaryClass   = "hep-ex",
      reportNumber   = "CERN-PH-EP-2013-088, LHCB-PAPER-2013-024",
      SLACcitation   = "%%CITATION = ARXIV:1305.6511;%%",
      note           = "{to appear in Nucl. Phys. B}",
}

@article{LHCb-PAPER-2013-023,
      author         = "Aaij, R. and others",
      title          = "{A measurement of the polarisation amplitudes in $B^0 \to J/\psi K^{*0}(892)$ decays}",
      collaboration  = "LHCb collaboration",
      year           = "2013",
      report         = "{LHCb-PAPER-2013-023}",
      note           = "{in preparation}",
}

@article{LHCb-PAPER-2013-022,
      author         = "Aaij, R. and others",
      title          = "{Measurements of the branching fractions of the decays $B^0_s \rightarrow \overline{D}^0 K^- \pi^+$ and $B^0 \rightarrow \overline{D}^0 K^+ \pi^-$}",
      collaboration  = "LHCb collaboration",
      year           = "2013",
      eprint         = "1304.6317",
      archivePrefix  = "arXiv",
      primaryClass   = "hep-ex",
      reportNumber   = "LHCB-PAPER-2013-022, CERN-PH-EP-2013-070",
      SLACcitation   = "%%CITATION = ARXIV:1304.6317;%%",
      note           = "{to appear in Phys. Rev. D}",
}

@article{LHCb-PAPER-2013-021,
      author         = "Aaij, R. and others",
      title          = "{Observation of $B_c^+ \to J/\psi K^+$ decay}",
      collaboration  = "LHCb collaboration",
      year           = "2013",
      report         = "{LHCb-PAPER-2013-021}",
      note           = "{in preparation}",
}

@article{LHCb-PAPER-2013-020,
      author         = "Aaij, R. and others",
      title          = "{A measurement of $\gamma$ from a combination of $\Bpm \to Dh^\pm$ analyses}",
      collaboration  = "LHCb collaboration",
      year           = "2013",
      eprint         = "1305.2050",
      archivePrefix  = "arXiv",
      primaryClass   = "hep-ex",
      reportNumber   = "CERN-PH-EP-2013-079, LHCB-PAPER-2013-020",
      SLACcitation   = "%%CITATION = ARXIV:1305.2050;%%",
      note           = "{submitted to Phys. Lett. B}",
}

@article{LHCb-PAPER-2013-019,
      author         = "Aaij, R. and others",
      title          = "{Differential branching fraction and angular analysis of the decay $B^{0} \rightarrow K^{*0} \mu^{+}\mu^{-}$}",
      collaboration  = "LHCb collaboration",
      year           = "2013",
      eprint         = "1304.6325",
      archivePrefix  = "arXiv",
      primaryClass   = "hep-ex",
      reportNumber   = "CERN-PH-EP-2013-074, LHCB-PAPER-2013-019",
      SLACcitation   = "%%CITATION = ARXIV:1304.6325;%%",
      note           = "{submitted to JHEP}",
}

@article{LHCb-PAPER-2013-018,
      author         = "Aaij, R. and others",
      title          = "{First observation of \CP violation in the decays of bottom strange mesons}",
      collaboration  = "LHCb collaboration",
      journal        = "Phys.Rev.Lett.",
      volume         = "110",
      pages          = "221601",
      doi            = "10.1103/PhysRevLett.110.221601",
      year           = "2013",
      eprint         = "1304.6173",
      archivePrefix  = "arXiv",
      primaryClass   = "hep-ex",
      reportNumber   = "CERN-PH-EP-2013-068, LHCB-PAPER-2013-018",
      SLACcitation   = "%%CITATION = ARXIV:1304.6173;%%",
}

@article{LHCb-PAPER-2013-017,
      author         = "Aaij, R. and others",
      title          = "{Differential branching fraction and angular analysis of the decay $B_{s}^{0}\rightarrow\phi\mu^+\mu^-$}",
      collaboration  = "LHCb collaboration",
      year           = "2013",
      eprint         = "1305.2168",
      archivePrefix  = "arXiv",
      primaryClass   = "hep-ex",
      reportNumber   = "CERN-PH-EP-2013-078, LHCB-PAPER-2013-017",
      SLACcitation   = "%%CITATION = ARXIV:1305.2168;%%",
      note           = "{submitted to JHEP}",
}

@article{LHCb-PAPER-2013-016,
      author         = "Aaij, R. and others",
      title          = "{Production of $J/\psi$~and $\Upsilon(1S)$, $\Upsilon(2S)$ and $\Upsilon(3S)$~mesons at $\sqrt{s}=8 \tev$}",
      collaboration  = "LHCb collaboration",
      year           = "2013",
      eprint         = "1304.6977",
      archivePrefix  = "arXiv",
      primaryClass   = "hep-ex",
      reportNumber   = "CERN-PH-EP-2013-071, LHCB-PAPER-2013-016",
      SLACcitation   = "%%CITATION = ARXIV:1304.6977;%%",
      note           = "{to appear in JHEP}",
}

@article{LHCb-PAPER-2013-015,
      author         = "Aaij, R. and others",
      title          = "{Measurement of the $B_s^0\rightarrow J/\psi K_{\mathrm S}^0$ effective lifetime}",
      collaboration  = "LHCb collaboration",
      journal        = "Nucl. Phys.",
      volume         = "B873",
      pages          = "275-292",
      doi            = "10.1016/j.nuclphysb.2013.04.021",
      year           = "2013",
      eprint         = "1304.4500",
      archivePrefix  = "arXiv",
      primaryClass   = "hep-ex",
      reportNumber   = "CERN-PH-EP-2013-063, LHCB-PAPER-2013-015",
      SLACcitation   = "%%CITATION = ARXIV:1304.4500;%%",
}

@article{LHCb-PAPER-2013-014,
      author         = "Aaij, R. and others",
      title          = "{Searches for violation of lepton flavour and baryon number in tau lepton decays at LHCb}",
      collaboration  = "LHCb collaboration",
      year           = "2013",
      eprint         = "1304.4518",
      archivePrefix  = "arXiv",
      primaryClass   = "hep-ex",
      reportNumber   = "LHCB-PAPER-2013-014, CERN-PH-EP-2013-062",
      SLACcitation   = "%%CITATION = ARXIV:1304.4518;%%",
      note           = "{to appear in Phys. Lett. B}",
}

@article{LHCb-PAPER-2013-013,
      author         = "Aaij, R. and others",
      title          = "{Search for the rare decay $D^{0}\to \mu^{+}\mu^{-}$}",
      collaboration  = "LHCb collaboration",
      year           = "2013",
      eprint         = "1305.5059",
      archivePrefix  = "arXiv",
      primaryClass   = "hep-ex",
      reportNumber   = "CERN-PH-EP-2013-083, LHCB-PAPER-2013-013",
      SLACcitation   = "%%CITATION = ARXIV:1305.5059;%%",
      note           = "{submitted to Phys. Lett. B}",
}

@article{LHCb-PAPER-2013-012,
      author         = "Aaij, R. and others",
      title          = "{First observation of the decay $B_s^0 \to\phi\overline{K}^{*0}$}",
      collaboration  = "LHCb collaboration",
      year           = "2013",
      eprint         = "1306.2239",
      archivePrefix  = "arXiv",
      primaryClass   = "hep-ex",
      reportNumber   = "LHCb-PAPER-2013-012, CERN-PH-EP-2013-087",
      SLACcitation   = "%%CITATION = ARXIV:1306.2239;%%",
      note           = "{submitted to JHEP}",
}

@article{LHCb-PAPER-2013-011,
      author         = "Aaij, R. and others",
      title          = "{Precision measurements of \D meson mass differences}",
      collaboration  = "LHCb collaboration",
      year           = "2013",
      eprint         = "1304.6865",
      archivePrefix  = "arXiv",
      primaryClass   = "hep-ex",
      reportNumber   = "CERN-PH-EP-2013-053, LHCB-PAPER-2013-011",
      SLACcitation   = "%%CITATION = ARXIV:1304.6865;%%",
      note           = "{to appear in JHEP}",
}

@article{LHCb-PAPER-2013-010,
      author         = "Aaij, R. and others",
      title          = "{Observation of \decay{\Bcp}{\jpsi \Dsp} decay}",
      collaboration  = "LHCb collaboration",
      year           = "2013",
      eprint         = "1304.4530",
      archivePrefix  = "arXiv",
      primaryClass   = "hep-ex",
      reportNumber   = "CERN-PH-EP-2013-051, LHCB-PAPER-2013-010",
      SLACcitation   = "%%CITATION = ARXIV:1304.4530;%%",
      note           = "{to appear in Phys. Rev. D}",
}

@article{LHCb-PAPER-2013-009,
      author         = "Aaij, R. and others",
      title          = "{Limits on neutral Higgs production in the forward region in $pp$ collisions at $\sqrt{s}=7\tev$}",
      collaboration  = "LHCb collaboration",
      year           = "2013",
      eprint         = "1304.2591",
      archivePrefix  = "arXiv",
      primaryClass   = "hep-ex",
      reportNumber   = "LHCB-PAPER-2013-009, CERN-PH-EP-2013-058",
      SLACcitation   = "%%CITATION = ARXIV:1304.2591;%%",
      note           = "{to appear in JHEP}",
}

@article{LHCb-PAPER-2013-008,
      author         = "Aaij, R. and others",
      title          = "{Measurement of $J/\psi$ polarizaion in $pp$ collisions at $\sqrt{s}=7 \tev$}",
      collaboration  = "LHCb collaboration",
      year           = "2013",
      report         = "{LHCb-PAPER-2013-008}",
      note           = "{in preparation}",
}

@article{LHCb-PAPER-2013-007,
      author         = "Aaij, R. and others",
      title          = "{First measurement of the \CP-violating phase in $B^0_s \to \phi \phi$ decays}",
      collaboration  = "LHCb collaboration",
      journal        = "Phys. Rev. Lett.",
      volume         = "110",
      pages          = "241802",
      doi            = "10.1103/PhysRevLett.110.241802",
      year           = "2013",
      eprint         = "1303.7125",
      archivePrefix  = "arXiv",
      primaryClass   = "hep-ex",
      reportNumber   = "LHCB-PAPER-2013-007, CERN-PH-EP-2013-046",
      SLACcitation   = "%%CITATION = ARXIV:1303.7125;%%",
}

@article{LHCb-PAPER-2013-006,
      author         = "Aaij, R. and others",
      title          = "{Measurement of the $B^0_s$--$\overline{B}^0_s$ oscillation frequency $\Delta m_s$ in the decay $B^0_s \to D^+_s \pi^-$}",
      collaboration  = "LHCb collaboration",
      journal        = "New J. Phys.",
      volume         = "15",
      pages          = "053021",
      doi            = "10.1088/1367-2630/15/5/053021",
      year           = "2013",
      eprint         = "1304.4741",
      archivePrefix  = "arXiv",
      primaryClass   = "hep-ex",
      reportNumber   = "CERN-PH-EP-2013-054, LHCB-PAPER-2013-006",
      SLACcitation   = "%%CITATION = ARXIV:1304.4741;%%",
}

@article{LHCb-PAPER-2013-005,
      author         = "Aaij, R. and others",
      title          = "{Measurement of the $B^0 \to K^{*0}e^+e^-$ branching fraction at low dilepton mass}",
      collaboration  = "LHCb collaboration",
      year           = "2013",
      eprint         = "1304.3035",
      archivePrefix  = "arXiv",
      primaryClass   = "hep-ex",
      reportNumber   = "LHCB-PAPER-2013-005, CERN-PH-EP-2013-048",
      SLACcitation   = "%%CITATION = ARXIV:1304.3035;%%",
      note           = "{to appear in JHEP}",
}

@article{LHCb-PAPER-2013-004,
      author         = "Aaij, R. and others",
      title          = "{Measurements of $B$ meson production in $pp$ collisions at $\sqrt{s} = 7\tev$}",
      collaboration  = "LHCb collaboration",
      year           = "2013",
      report         = "{LHCb-PAPER-2013-004}",
      note           = "{in preparation}",
}

@article{LHCb-PAPER-2013-003,
      author         = "Aaij, R. and others",
      title          = "{Search for direct \CP violation in $D^0 \to h^- h^+$ modes using semileptonic $B$ decays}",
      collaboration  = "LHCb collaboration",
      journal        = "Phys. Lett.",
      volume         = "B723",
      pages          = "33",
      doi            = "10.1016/j.physletb.2013.04.061",
      year           = "2013",
      eprint         = "1303.2614",
      archivePrefix  = "arXiv",
      primaryClass   = "hep-ex",
      reportNumber   = "CERN-PH-EP-2013-039, LHCB-PAPER-2013-003",
      SLACcitation   = "%%CITATION = ARXIV:1303.2614;%%",
}

@article{LHCb-PAPER-2013-002,
      author         = "Aaij, R. and others",
      title          = "{Measurement of \CP-violation and the $B^0_s$-meson decay width difference with $B_s^0\to J/\psi K^+K^-$ and $B_s^0 \to J/\psi\pi^+\pi^-$ decays}",
      collaboration  = "LHCb collaboration",
      year           = "2013",
      eprint         = "1304.2600",
      archivePrefix  = "arXiv",
      primaryClass   = "hep-ex",
      reportNumber   = "CERN-PH-EP-2013-055, LHCB-PAPER-2013-002",
      SLACcitation   = "%%CITATION = ARXIV:1304.2600;%%",
      note           = "{to appear in Phys. Rev. D}",
}

@article{LHCb-PAPER-2013-001,
      author         = "Aaij, R. and others",
      title          = "{Determination of the $X(3872)$ quantum numbers}",
      collaboration  = "LHCb collaboration",
      journal        = "Phys. Rev. Lett.",
      volume         = "110",
      pages          = "222001",
      doi            = "10.1103/PhysRevLett.110.222001",
      year           = "2013",
      eprint         = "1302.6269",
      archivePrefix  = "arXiv",
      primaryClass   = "hep-ex",
      reportNumber   = "LHCB-PAPER-2013-001, CERN-PH-EP-2013-017",
      SLACcitation   = "%%CITATION = ARXIV:1302.6269;%%",
}

@article{LHCb-PAPER-2012-057,
      author         = "Aaij, R. and others",
      title          = "{Measurements of the $\Lb \to \Lz J/\psi$ decay amplitudes and the $\Lb$ baryon production polarisation in $pp$ collisions at $\sqrt{s} = 7\tev$}",
      collaboration  = "LHCb collaboration",
      year           = "2013",
      eprint         = "1302.5578",
      archivePrefix  = "arXiv",
      primaryClass   = "hep-ex",
      SLACcitation   = "%%CITATION = ARXIV:1302.5578;%%",
      note           = "{to appear in Phys. Lett. B}",
}

@article{LHCb-PAPER-2012-056,
      author         = "Aaij, R. and others",
      title          = "{Search for the decay $B^0_s \to D^{\ast\mp}\pi^\pm$}",
      collaboration  = "LHCb collaboration",
      journal        = "Phys. Rev.",
      volume         = "D87",
      pages          = "071101(R)",
      doi            = "10.1103/PhysRevD.87.071101",
      year           = "2013",
      eprint         = "1302.6446",
      archivePrefix  = "arXiv",
      primaryClass   = "hep-ex",
      reportNumber   = "CERN-PH-EP-2013-025-LHCB-PAPER-2012-056",
      SLACcitation   = "%%CITATION = ARXIV:1302.6446;%%",
}

@article{LHCb-PAPER-2012-055,
      author         = "Aaij, R. and others",
      title          = "{Observation of the suppressed ADS modes $B^\pm \to [\pi^\pm K^\mp\pi^+\pi^-]_D K^\pm$ and $B^\pm \to [\pi^\pm K^\mp \pi^+\pi^-]_D \pi^\pm$}",
      collaboration  = "LHCb collaboration",
      journal        = "Phys. Lett.",
      volume         = "B723",
      pages          = "44",
      doi            = "10.1016/j.physletb.2013.05.009",
      year           = "2013",
      eprint         = "1303.4646",
      archivePrefix  = "arXiv",
      primaryClass   = "hep-ex",
      reportNumber   = "CERN-PH-EP-2013-038, LHCB-PAPER-2012-055",
      SLACcitation   = "%%CITATION = ARXIV:1303.4646;%%",
}

@article{LHCb-PAPER-2012-054,
      author         = "Aaij, R. and others",
      title          = "{Observation of the decay $B^+_c \to \psi(2S)\pi^+$}",
      collaboration  = "LHCb collaboration",
      journal        = "Phys. Rev.",
      volume         = "D87",
      pages          = "071103(R)",
      doi            = "10.1103/PhysRevD.87.071103",
      year           = "2013",
      eprint         = "1303.1737",
      archivePrefix  = "arXiv",
      primaryClass   = "hep-ex",
      reportNumber   = "CERN-PH-EP-2013-028-LHCB-PAPER-2012-054",
      SLACcitation   = "%%CITATION = ARXIV:1303.1737;%%",
}

@article{LHCb-PAPER-2012-053,
      author         = "Aaij, R. and others",
      title          = "{Observations of $B^0_s \to \psi(2S)\eta$ and $B^0_{(s)} \to \psi(2S)\pi^+\pi^-$ decays}",
      collaboration  = "LHCb collaboration",
      journal        = "Nucl. Phys.",
      volume         = "B871",
      pages          = "403 - 419",
      year           = "2013",
      doi            = "10.1016/j.nuclphysb.2013.03.004",
      eprint         = "1302.6354",
      archivePrefix  = "arXiv",
      primaryClass   = "hep-ex",
      reportNumber   = "CERN-PH-EP-2013-024, LHCB-PAPER-2012-053",
      SLACcitation   = "%%CITATION = ARXIV:1302.6354;%%",
}

@article{LHCb-PAPER-2012-052,
      author         = "Aaij, R. and others",
      title          = "{Searches for \CP violation in the $D^+ \to \phi \pi^+$ and $D_s^+ \to K^0_{\rm S} \pi^+$ decays}",
      collaboration  = "LHCb collaboration",
      year           = "2013",
      eprint         = "1303.4906",
      archivePrefix  = "arXiv",
      primaryClass   = "hep-ex",
      reportNumber   = "CERN-PH-EP-2013-021, LHCB-PAPER-2012-052",
      SLACcitation   = "%%CITATION = ARXIV:1303.4906;%%",
      note           = "{to appear in JHEP}",
}

@article{LHCb-PAPER-2012-051,
      author         = "Aaij, R. and others",
      title          = "{A search for $D^+_{(s)} \to \pi^+\mu^-\mu^-$ and $D^+_{(s)} \to \pi^-\mu^+\mu^+$ decays}",
      collaboration  = "LHCb collaboration",
      year           = "2013",
      eprint         = "1304.6365",
      archivePrefix  = "arXiv",
      primaryClass   = "hep-ex",
      reportNumber   = "LHCB-PAPER-2012-051, CERN-PH-EP-2013-061",
      SLACcitation   = "%%CITATION = ARXIV:1304.6365;%%",
      note           = "{to appear in Phys. Lett. B}",
}

@article{LHCb-PAPER-2012-050,
      author         = "Aaij, R. and others",
      title          = "{First observations of $B^0 \to D^+D^-$, $D_s^+D^-$ and $D^0\overline{D}^0$ decays}",
      collaboration  = "LHCb collaboration",
      journal        = "Phys. Rev.",
      volume         = "D87",
      pages          = "092007",
      doi            = "10.1103/PhysRevD.87.092007",
      year           = "2013",
      eprint         = "1302.5854",
      archivePrefix  = "arXiv",
      primaryClass   = "hep-ex",
      reportNumber   = "LHCB-PAPER-2012-050, CERN-PH-EP-2013-018",
      SLACcitation   = "%%CITATION = ARXIV:1302.5854;%%",
}

@article{LHCb-PAPER-2012-049,
      author         = "Aaij, R. and others",
      title          = "{Search for rare $B_{(s)}^0 \to \mu\mu\mu\mu$ decays}",
      collaboration  = "LHCb collaboration",
      journal        = "Phys. Rev. Lett.",
      volume         = "110",
      pages          = "211801",
      doi            = "10.1103/PhysRevLett.110.211801",
      year           = "2013",
      eprint         = "1303.1092",
      archivePrefix  = "arXiv",
      primaryClass   = "hep-ex",
      reportNumber   = "CERN-PH-EP-2013-031, LHCB-PAPER-2012-049",
      SLACcitation   = "%%CITATION = ARXIV:1303.1092;%%",
}

@article{LHCb-PAPER-2012-048,
      author         = "Aaij, R. and others",
      title          = "{Measurements of the $\Lambda_b^0$, $\Xi_b^-$ and $\Omega_b^-$ baryon masses}",
      collaboration  = "LHCb collaboration",
      journal        = "Phys. Rev. Lett.",
      volume         = "110",
      pages          = "182001",
      doi            = "10.1103/PhysRevLett.110.182001",
      year           = "2013",
      eprint         = "1302.1072",
      archivePrefix  = "arXiv",
      primaryClass   = "hep-ex",
      reportNumber   = "CERN-PH-EP-2013-013, LHCB-PAPER-2012-048",
      SLACcitation   = "%%CITATION = ARXIV:1302.1072;%%",
}

@article{LHCb-PAPER-2012-047,
      author         = "Aaij, R. and others",
      title          = "{Measurement of the branching fractions of the $B^+ \to p\bar{p}K^+$ decay channel and its charmonium contributions}",
      collaboration  = "LHCb collaboration",
      year           = "2013",
      eprint         = "1303.7133",
      archivePrefix  = "arXiv",
      primaryClass   = "hep-ex",
      reportNumber   = "LHCB-PAPER-2012-047, CERN-PH-EP-2013-040",
      SLACcitation   = "%%CITATION = ARXIV:1303.7133;%%",
      note           = "{to appear in Eur. Phys. J. C}",
}

@article{LHCb-PAPER-2012-046,
      author         = "Aaij, R. and others",
      title          = "{Study of $B^0 \to D^{\ast -} \pi^+ \pi^- \pi^+$ and $B^0 \to D^{\ast -} K^+ \pi^- \pi^+$ decays}",
      collaboration  = "LHCb collaboration",
      journal        = "Phys. Rev.",
      volume         = "D87",
      pages          = "092001",
      doi            = "10.1103/PhysRevD.87.092001",
      year           = "2013",
      eprint         = "1303.6861",
      archivePrefix  = "arXiv",
      primaryClass   = "hep-ex",
      reportNumber   = "LHCB-PAPER-2012-046, CERN-EP-PH-2013-041",
      SLACcitation   = "%%CITATION = ARXIV:1303.6861;%%",
}

@article{LHCb-PAPER-2012-045,
      author         = "Aaij, R. and others",
      title          = "{Analysis of the resonant components in $\overline{B}^0 \to J/\psi \pi^+\pi^-$}",
      collaboration  = "LHCb collaboration",
      journal        = "Phys. Rev.",
      volume         = "D87",
      pages          = "052001",
      doi            = "10.1103/PhysRevD.87.052001",
      year           = "2013",
      eprint         = "1301.5347",
      archivePrefix  = "arXiv",
      primaryClass   = "hep-ex",
      reportNumber   = "LHCB-PAPER-2012-045, CERN-PH-EP-2013-004",
      SLACcitation   = "%%CITATION = ARXIV:1301.5347;%%",
}

@article{LHCb-PAPER-2012-044,
      author         = "Aaij, R. and others",
      title          = "{Exclusive $J/\psi$ and $\psi(2S)$ production at $\sqrt{s} = 7\tev$}",
      collaboration  = "LHCb collaboration",
      journal        = "J. Phys.",
      volume         = "G40",
      pages          = "045001",
      doi            = "10.1088/0954-3899/40/4/045001",
      year           = "2013",
      eprint         = "1301.7084",
      archivePrefix  = "arXiv",
      primaryClass   = "hep-ex",
      reportNumber   = "CERN-PH-EP-2013-005-LHCB-PAPER-2012-044",
      SLACcitation   = "%%CITATION = ARXIV:1301.7084;%%",
}

@article{LHCb-PAPER-2012-043,
      author         = "Aaij, R. and others",
      title          = "{First evidence for the decay $B^0_s \to \mu^+\mu^-$}",
      collaboration  = "LHCb collaboration",
      journal        = "Phys. Rev. Lett.",
      volume         = "110",
      pages          = "021801",
      doi            = "10.1103/PhysRevLett.110.021801",
      year           = "2013",
      eprint         = "1211.2674",
      archivePrefix  = "arXiv",
      primaryClass   = "hep-ex",
      reportNumber   = "CERN-PH-EP-2012-335, LHCB-PAPER-2012-043",
      SLACcitation   = "%%CITATION = ARXIV:1211.2674;%%",
}

@article{LHCb-PAPER-2012-042,
      author         = "Aaij, R. and others",
      title          = "{Measurement of \CP observables in $B^0\to D K^{*0}$ with $D\to K^+K^-$}",
      collaboration  = "LHCb collaboration",
      journal        = "JHEP",
      volume         = "03",
      pages          = "67",
      doi            = "10.1007/JHEP03(2013)067",
      year           = "2013",
      eprint         = "1212.5205",
      archivePrefix  = "arXiv",
      primaryClass   = "hep-ex",
      reportNumber   = "CERN-PH-EP-2012-362-LHCB-PAPER-2012-042",
      SLACcitation   = "%%CITATION = ARXIV:1212.5205;%%",
}

@article{LHCb-PAPER-2012-041,
      author         = "Aaij, R. and others",
      title          = "{Prompt charm production in $pp$ collisions at $\sqrt s= 7\tev$}",
      collaboration  = "LHCb collaboration",
      journal        = "Nucl. Phys.",
      volume         = "B871",
      pages          = "1",
      doi            = "10.1016/j.nuclphysb.2013.02.010",
      year           = "2013",
      eprint         = "1302.2864",
      archivePrefix  = "arXiv",
      primaryClass   = "hep-ex",
      reportNumber   = "LHCB-PAPER-2012-041, CERN-PH-EP-2013-009",
      SLACcitation   = "%%CITATION = ARXIV:1302.2864;%%",
}

@article{LHCb-PAPER-2012-040,
      author         = "Aaij, R. and others",
      title          = "{Amplitude analysis and branching fraction measurement of $\overline{B}^0_s \to J/\psi K^+K^-$}",
      collaboration  = "LHCb collaboration",
      journal        = "Phys. Rev.",
      volume         = "D87",
      pages          = "072004",
      doi            = "10.1103/PhysRevD.87.072004",
      year           = "2013",
      eprint         = "1302.1213",
      archivePrefix  = "arXiv",
      primaryClass   = "hep-ex",
      reportNumber   = "LHCB-PAPER-2012-040, CERN-PH-EP-2013-008",
      SLACcitation   = "%%CITATION = ARXIV:1302.1213;%%",
}

@article{LHCb-PAPER-2012-039,
      author         = "Aaij, R. and others",
      title          = "{Measurement of $J/\psi$ production in $pp$ collisions at $\sqrt{s}=2.76\tev$}",
      collaboration  = "LHCb collaboration",
      journal        = "JHEP",
      volume         = "02",
      pages          = "41",
      doi            = "10.1007/JHEP02(2013)041",
      year           = "2013",
      eprint         = "1212.1045",
      archivePrefix  = "arXiv",
      primaryClass   = "hep-ex",
      reportNumber   = "CERN-PH-EP-2012-349, LHCB-PAPER-2012-039",
      SLACcitation   = "%%CITATION = ARXIV:1212.1045;%%",
}

@article{LHCb-PAPER-2012-038,
      author         = "Aaij, R. and others",
      title          = "{Observation of $D^0$--$\overline{D}^0$ oscillations}",
      collaboration  = "LHCb collaboration",
      journal        = "Phys. Rev. Lett.",
      volume         = "110",
      pages          = "101802",
      doi            = "10.1103/PhysRevLett.110.101802",
      year           = "2013",
      eprint         = "1211.1230",
      archivePrefix  = "arXiv",
      primaryClass   = "hep-ex",
      reportNumber   = "CERN-PH-EP-2012-333, LHCB-PAPER-2012-038",
      SLACcitation   = "%%CITATION = ARXIV:1211.1230;%%",
}

@article{LHCb-PAPER-2012-037,
      author         = "Aaij, R. and others",
      title          = "{Measurement of the fragmentation fraction ratio $f_s/f_d$ and its dependence on $B$ meson kinematics}",
      collaboration  = "LHCb collaboration",
      journal        = "JHEP",
      volume         = "04",
      pages          = "1",
      doi            = "10.1007/JHEP04(2013)001",
      year           = "2013",
      eprint         = "1301.5286",
      archivePrefix  = "arXiv",
      primaryClass   = "hep-ex",
      reportNumber   = "CERN-PH-EP-2013-006, LHCB-PAPER-2012-037",
      SLACcitation   = "%%CITATION = ARXIV:1301.5286;%%",
}

@article{LHCb-PAPER-2012-036,
      author         = "Aaij, R. and others",
      title          = "{Measurement of the cross-section for $Z \to e^+e^-$ production in $pp$ collisions at $\sqrt{s} = 7 \tev$}",
      collaboration  = "LHCb collaboration",
      journal        = "JHEP",
      volume         = "02",
      pages          = "106",
      doi            = "10.1007/JHEP02(2013)106",
      year           = "2013",
      eprint         = "1212.4620",
      archivePrefix  = "arXiv",
      primaryClass   = "hep-ex",
      reportNumber   = "CERN-PH-EP-2012-363, LHCB-PAPER-2012-036",
      SLACcitation   = "%%CITATION = ARXIV:1212.4620;%%",
}

@article{LHCb-PAPER-2012-035,
      author         = "Aaij, R. and others",
      title          = "{Measurement of the time-dependent \CP asymmetry in $\Bd \to \jpsi\KS$ decays}",
      collaboration  = "LHCb collaboration",
      journal        = "Phys. Lett.",
      volume         = "B721",
      pages          = "24",
      doi            = "10.1016/j.physletb.2013.02.054",
      year           = "2013",
      eprint         = "1211.6093",
      archivePrefix  = "arXiv",
      primaryClass   = "hep-ex",
      reportNumber   = "LHCB-PAPER-2012-035, CERN-PH-EP-2012-331",
      SLACcitation   = "%%CITATION = ARXIV:1211.6093;%%",
}

@article{LHCb-PAPER-2012-034,
      author         = "Aaij, R. and others",
      title          = "{Measurement of the forward energy flow in $pp$ collisions at $\sqrt{s}= 7\tev$}",
      collaboration  = "LHCb collaboration",
      journal        = "Eur. Phys. J.",
      volume         = "C73",
      pages          = "2421",
      doi            = "10.1140/epjc/s10052-013-2421-y",
      year           = "2013",
      eprint         = "1212.4755",
      archivePrefix  = "arXiv",
      primaryClass   = "hep-ex",
      reportNumber   = "CERN-PH-EP-2012-346, LHCB-PAPER-2012-034",
      SLACcitation   = "%%CITATION = ARXIV:1212.4755;%%",
}

@article{LHCb-PAPER-2012-033,
      author         = "Aaij, R. and others",
      title          = "{First observation of the decays $\overline{B}^0_{(s)} \to D_s^+ K^- \pi^+\pi^-$ and $\overline{B}^0_s \to D_{s1}(2536)^+\pi^-$}",
      collaboration  = "LHCb collaboration",
      journal        = "Phys. Rev.",
      volume         = "D86",
      pages          = "112005",
      doi            = "10.1103/PhysRevD.86.112005",
      year           = "2012",
      eprint         = "1211.1541",
      archivePrefix  = "arXiv",
      primaryClass   = "hep-ex",
      reportNumber   = "LHCB-PAPER-2012-033, CERN-PH-EP-2012-327",
      SLACcitation   = "%%CITATION = ARXIV:1211.1541;%%",
}

@article{LHCb-PAPER-2012-032,
      author         = "Aaij, R. and others",
      title          = "{Measurement of the $B^0$--$\overline{B}^0$ oscillation frequency $\Delta m_d$ with the decays $B^0 \to D^- \pi^+$ and $B^0 \to J/\psi K^{\ast 0}$}",
      collaboration  = "LHCb collaboration",
      journal        = "Phys. Lett.",
      volume         = "B719",
      pages          = "318",
      doi            = "10.1016/j.physletb.2013.01.019",
      year           = "2013",
      eprint         = "1210.6750",
      archivePrefix  = "arXiv",
      primaryClass   = "hep-ex",
      reportNumber   = "LHCB-PAPER-2012-032, CERN-PH-EP-2012-315",
      SLACcitation   = "%%CITATION = ARXIV:1210.6750;%%",
}

@article{LHCb-PAPER-2012-031,
      author         = "{R. Aaij, \emph{et al.}, and A. Bharucha} and others",
      title          = "{Implications of LHCb measurements and future prospects}",
      collaboration  = "LHCb collaboration",
      journal        = "Eur. Phys. J.",
      volume         = "C73",
      pages          = "2373",
      doi            = "10.1140/epjc/s10052-013-2373-2",
      year           = "2013",
      eprint         = "1208.3355",
      archivePrefix  = "arXiv",
      primaryClass   = "hep-ex",
      reportNumber   = "LHCB-PUB-2012-006, LHCB-PAPER-2012-031,
                        CERN-PH-EP-2012-334",
      SLACcitation   = "%%CITATION = ARXIV:1208.3355;%%",
}

@article{LHCb-PAPER-2012-030,
      author         = "Aaij, R. and others",
      title          = "{First observation of the decay $B_{s2}^*(5840)^0 \to
                        B^{*+} K^-$ and studies of excited $B_s$ mesons}",
      collaboration  = "LHCb collaboration",
      journal        = "Phys. Rev. Lett.",
      volume         = "110",
      pages          = "151803",
      doi            = "10.1103/PhysRevLett.110.151803",
      year           = "2013",
      eprint         = "1211.5994",
      archivePrefix  = "arXiv",
      primaryClass   = "hep-ex",
      reportNumber   = "LHCB-PAPER-2012-030, CERN-PH-EP-2012-340",
      SLACcitation   = "%%CITATION = ARXIV:1211.5994;%%",
}

@article{LHCb-PAPER-2012-029,
      author         = "Aaij, R. and others",
      title          = "{A study of the $Z$ production cross-section in $pp$ collisions at $\sqrt{s}=7 \tev$ using tau final states}",
      collaboration  = "LHCb collaboration",
      journal        = "JHEP",
      volume         = "01",
      pages          = "111",
      doi            = "10.1007/JHEP01(2013)111",
      year           = "2013",
      eprint         = "1210.6289",
      archivePrefix  = "arXiv",
      primaryClass   = "hep-ex",
      reportNumber   = "LHCB-PAPER-2012-029, CERN-PH-EP-2012-314",
      SLACcitation   = "%%CITATION = ARXIV:1210.6289;%%",
}

@article{LHCb-PAPER-2012-028,
      author         = "Aaij, R. and others",
      title          = "{Measurements of $B_c^+$ production and mass with the
                        $B_c^+ \to J/\psi \pi^+$ decay}",
      collaboration  = "LHCb collaboration",
      journal        = "Phys. Rev. Lett.",
      volume         = "109",
      pages          = "232001",
      doi            = "10.1103/PhysRevLett.109.232001",
      year           = "2012",
      eprint         = "1209.5634",
      archivePrefix  = "arXiv",
      primaryClass   = "hep-ex",
      reportNumber   = "LHCB-PAPER-2012-028, CERN-PH-EP-2012-275",
      SLACcitation   = "%%CITATION = ARXIV:1209.5634;%%",
}

@article{LHCb-PAPER-2012-027,
      author         = "Aaij, R. and others",
      title          = "{A model-independent Dalitz plot analysis of $B^\pm \to D
                        K^\pm$ with $D \to K^0_{\rm S} h^+h^-$ ($h=\pi, K$) decays
                        and constraints on the CKM angle $\gamma$}",
      collaboration  = "LHCb collaboration",
      journal        = "Phys.Lett.",
      volume         = "B718",
      pages          = "43-55",
      doi            = "10.1016/j.physletb.2012.10.020",
      year           = "2012",
      eprint         = "1209.5869",
      archivePrefix  = "arXiv",
      primaryClass   = "hep-ex",
      reportNumber   = "CERN-PH-EP-2012-268, LHCB-PAPER-2012-027",
      SLACcitation   = "%%CITATION = ARXIV:1209.5869;%%",
}

@article{LHCb-PAPER-2012-026,
      author         = "Aaij, R. and others",
      title          = "{Measurement of the $D^\pm$ production asymmetry in $7\tev$ $pp$ collisions}",
      collaboration  = "LHCb collaboration",
      journal        = "Phys. Lett.",
      volume         = "B718",
      pages          = "902–909",
      doi            = "10.1016/j.physletb.2012.11.038",
      year           = "2013",
      eprint         = "1210.4112",
      archivePrefix  = "arXiv",
      primaryClass   = "hep-ex",
      reportNumber   = "LHCB-PAPER-2012-026, CERN-PH-EP-2012-305",
      SLACcitation   = "%%CITATION = ARXIV:1210.4112;%%",
}

@article{LHCb-PAPER-2012-025,
      author         = "Aaij, R. and others",
      title          = "{First evidence for the annihilation decay mode $B^{+}
                        \to D_{s}^{+} \phi$}",
      collaboration  = "LHCb collaboration",
      journal        = "JHEP",
      volume         = "02",
      pages          = "43",
      doi            = "10.1007/JHEP02(2013)043",
      year           = "2013",
      eprint         = "1210.1089",
      archivePrefix  = "arXiv",
      primaryClass   = "hep-ex",
      reportNumber   = "CERN-PH-EP-2012-286, LHCB-PAPER-2012-025",
      SLACcitation   = "%%CITATION = ARXIV:1210.1089;%%",
}

@article{LHCb-PAPER-2012-024,
      author         = "Aaij, R. and others",
      title          = "{Differential branching fraction and angular analysis of
                        the $B^{+} \rightarrow K^{+}\mu^{+}\mu^{-}$ decay}",
      collaboration  = "LHCb collaboration",
      journal        = "JHEP",
      volume         = "02",
      pages          = "105",
      doi            = "10.1007/JHEP02(2013)105",
      year           = "2013",
      eprint         = "1209.4284",
      archivePrefix  = "arXiv",
      primaryClass   = "hep-ex",
      reportNumber   = "LHCB-PAPER-2012-024, CERN-PH-EP-2012-263",
      SLACcitation   = "%%CITATION = ARXIV:1209.4284;%%",
}

@article{LHCb-PAPER-2012-023,
      author         = "Aaij, R. and others",
      title          = "{Search for the rare decay $\KS \to \mu^+ \mu^-$}",
      collaboration  = "LHCb collaboration",
      journal        = "JHEP",
      volume         = "01",
      pages          = "90",
      doi            = "10.1007/JHEP01(2013)090",
      year           = "2013",
      eprint         = "1209.4029",
      archivePrefix  = "arXiv",
      primaryClass   = "hep-ex",
      reportNumber   = "CERN-PH-EP-2012-267, LHCB-PAPER-2012-023",
      SLACcitation   = "%%CITATION = ARXIV:1209.4029;%%",
}

@article{LHCb-PAPER-2012-022,
      author         = "Aaij, R. and others",
      title          = "{Evidence for the decay $B^0 \to J/\psi \omega$ and measurement of the relative branching fractions of $B^0_s$ meson decays to $J/\psi \eta$ and $J/\psi \eta^\prime$}",
      collaboration  = "LHCb collaboration",
      journal        = "Nucl. Phys.",
      volume         = "B867",
      pages          = "547-566",
      doi            = "10.1016/j.nuclphysb.2012.10.021",
      year           = "2013",
      eprint         = "1210.2631",
      archivePrefix  = "arXiv",
      primaryClass   = "hep-ex",
      reportNumber   = "CERN-PH-EP2012-287, LHCB-PAPER-2012-022",
      SLACcitation   = "%%CITATION = ARXIV:1210.2631;%%",
}

@article{LHCb-PAPER-2012-021,
      author         = "Aaij, R. and others",
      title          = "{Measurement of the \CP asymmetry in $B^0 \to K^{*0} \mu^+ \mu^-$ decays}",
      collaboration  = "LHCb collaboration",
      journal        = "Phys. Rev. Lett.",
      volume         = "110",
      pages          = "031801",
      doi            = "10.1103/PhysRevLett.110.031801",
      year           = "2013",
      eprint         = "1210.4492",
      archivePrefix  = "arXiv",
      primaryClass   = "hep-ex",
      reportNumber   = "LHCB-PAPER-2012-021, CERN-PH-EP-2012-302",
      SLACcitation   = "%%CITATION = ARXIV:1210.4492;%%",
}

@article{LHCb-PAPER-2012-020,
      author         = "Aaij, R. and others",
      title          = "{First observation of the decay $B^+ \to \pi^+ \mu^+\mu^-$}",
      collaboration  = "LHCb collaboration",
      journal        = "JHEP",
      volume         = "12",
      pages          = "125",
      doi            = "10.1007/JHEP12(2012)125",
      year           = "2012",
      eprint         = "1210.2645",
      archivePrefix  = "arXiv",
      primaryClass   = "hep-ex",
      reportNumber   = "LHCB-PAPER-2012-020, CERN-PH-EP-2012-284",
      SLACcitation   = "%%CITATION = ARXIV:1210.2645;%%",
}

@article{LHCb-PAPER-2012-019,
      author         = "Aaij, R. and others",
      title          = "{Measurement of the ratio of branching fractions ${\cal B}(B^0 \to K^{\ast 0} \gamma) / {\cal B}(B^0_s \to \phi \gamma)$ and the direct \CP asymmetry in $B^0 \to K^{\ast 0} \gamma$}",
      collaboration  = "LHCb collaboration",
      journal        = "Nucl.Phys.",
      volume         = "B867",
      pages          = "1-18",
      doi            = "10.1016/j.nuclphysb.2012.09.013",
      year           = "2013",
      eprint         = "1209.0313",
      archivePrefix  = "arXiv",
      primaryClass   = "hep-ex",
      reportNumber   = "LHCB-PAPER-2012-019, CERN-PH-EP-2012-247",
      SLACcitation   = "%%CITATION = ARXIV:1209.0313;%%",
}

@article{LHCb-PAPER-2012-018,
      author         = "Aaij, R. and others",
      title          = "{Observation of $B^0 \to \overline{D}^0 K^+ K^-$ and evidence for $B^0_s \to \overline{D}^0 K^+ K^-$}",
      collaboration  = "LHCb collaboration",
      journal        = "Phys.Rev.Lett.",
      volume         = "109",
      pages          = "131801",
      doi            = "10.1103/PhysRevLett.109.131801",
      year           = "2012",
      eprint         = "1207.5991",
      archivePrefix  = "arXiv",
      primaryClass   = "hep-ex",
      SLACcitation   = "%%CITATION = ARXIV:1207.5991;%%",
}

@article{LHCb-PAPER-2012-017,
      author         = "Aaij, R. and others",
      title          = "{Measurement of the $\overline{B}^0_s$ effective lifetime in the $J/\psi f_0(980)$ final state}",
      collaboration  = "LHCb collaboration",
      journal        = "Phys.Rev.Lett.",
      volume         = "109",
      pages          = "152002",
      doi            = "10.1103/PhysRevLett.109.152002",
      year           = "2012",
      eprint         = "1207.0878",
      archivePrefix  = "arXiv",
      primaryClass   = "hep-ex",
      SLACcitation   = "%%CITATION = ARXIV:1207.0878;%%",
}

@article{LHCb-PAPER-2012-016,
      author         = "Aaij, R. and others",
      title          = "{Study of $D_{sJ}$ decays to $D^+K^0_{\rm S}$ and $D^0K^+$ final states in $pp$ collisions}", 
      collaboration  = "LHCb collaboration",
      journal        = "JHEP",
      volume         = "10",
      pages          = "151",
      doi            = "10.1007/JHEP10(2012)151",
      year           = "2012",
      eprint         = "1207.6016",
      archivePrefix  = "arXiv",
      primaryClass   = "hep-ex",
      SLACcitation   = "%%CITATION = ARXIV:1207.6016;%%",
}

@article{LHCb-PAPER-2012-015,
      author         = "Aaij, R. and others",
      title          = "{Measurement of the fraction of $\Upsilon(1S)$ originating from $\chi_b(1P)$ decays in $pp$ collisions at $\sqrt{s} = 7\tev$}",
      collaboration  = "LHCb collaboration",
      journal        = "JHEP",
      volume         = "11",
      pages          = "31",
      doi            = "10.1007/JHEP11(2012)031",
      year           = "2012",
      eprint         = "1209.0282",
      archivePrefix  = "arXiv",
      primaryClass   = "hep-ex",
      reportNumber   = "CERN-PH-EP-2012-237, LHCB-PAPER-2012-015",
      SLACcitation   = "%%CITATION = ARXIV:1209.0282;%%",
}

@article{LHCb-PAPER-2012-014,
      author         = "Aaij, R. and others",
      title          = "{Measurement of the $B_s \to J/\psi \overline{K}^{*0}$ branching fraction and angular amplitudes}",
      collaboration  = "LHCb collaboration",
      journal        = "Phys.Rev.",
      volume         = "D86",
      pages          = "071102(R)",
      doi            = "10.1103/PhysRevD.86.071102",
      year           = "2012",
      eprint         = "1208.0738",
      archivePrefix  = "arXiv",
      primaryClass   = "hep-ex",
      reportNumber   = "CERN-PH-EP-2012-214, LHCB-PAPER-2012-014",
      SLACcitation   = "%%CITATION = ARXIV:1208.0738;%%",
}

@article{LHCb-PAPER-2012-013,
      author         = "Aaij, R. and others",
      title          = "{Measurement of the effective $B_s^0 \to K^+ K^-$ lifetime}",
      collaboration  = "LHCb collaboration",
      journal        = "Phys.Lett.",
      volume         = "B716",
      pages          = "393-400",
      doi            = "10.1016/j.physletb.2012.08.033",
      year           = "2012",
      eprint         = "1207.5993",
      archivePrefix  = "arXiv",
      primaryClass   = "hep-ex",
      SLACcitation   = "%%CITATION = ARXIV:1207.5993;%%",

}

@article{LHCb-PAPER-2012-012,
      author         = "Aaij, R. and others",
      title          = "{Observation of excited \Lb baryons}",
      collaboration  = "LHCb collaboration",
      journal        = "Phys. Rev. Lett.",
      volume         = "109",
      pages          = "172003",
      doi            = "10.1103/PhysRevLett.109.172003",
      year           = "2012",
      eprint         = "1205.3452",
      archivePrefix  = "arXiv",
      primaryClass   = "hep-ex",
      reportNumber   = "LHCb-PAPER-2012-12, CERN-PH-EP-2012-128",
      SLACcitation   = "%%CITATION = ARXIV:1205.3452;%%",
}

@article{LHCb-PAPER-2012-011,
      author         = "Aaij, R. and others",
      title          = "{Measurement of the isospin asymmetry in $B \to K^{(*)}\mu^ + \mu^-$ decays}",
      collaboration  = "LHCb collaboration",
      journal        = "JHEP",
      volume         = "07",
      pages          = "133",
      doi            = "10.1007/JHEP07(2012)133",
      year           = "2012",
      eprint         = "1205.3422",
      archivePrefix  = "arXiv",
      primaryClass   = "hep-ex",
      reportNumber   = "CERN-PH-EP-2012-129, LHCb-PAPER-2012-011",
      SLACcitation   = "%%CITATION = ARXIV:1205.3422;%%",
}

@article{LHCb-PAPER-2012-010,
      author         = "Aaij, R. and others",
      title          = "{Measurement of relative branching fractions of $B$ decays to $\psi(2S)$ and $J/\psi$ mesons}",
      collaboration  = "LHCb collaboration",
      journal        = "Eur.Phys.J.",
      volume         = "C72",
      pages          = "2118",
      doi            = "10.1140/epjc/s10052-012-2118-7",
      year           = "2012",
      eprint         = "1205.0918",
      archivePrefix  = "arXiv",
      primaryClass   = "hep-ex",
      reportNumber   = "CERN-PH-2012-113, LHCb-PAPER-2012-010",
      SLACcitation   = "%%CITATION = ARXIV:1205.0918;%%",
}

@article{LHCb-PAPER-2012-009,
      author         = "Aaij, R. and others",
      title          = "{Measurement of the $D_s^+$--$D_s^-$ production asymmetry in $7\tev$ $pp$ collisions}",
      collaboration  = "LHCb collaboration",
      journal        = "Phys.Lett.",
      volume         = "B713",
      pages          = "186-195",
      doi            = "10.1016/j.physletb.2012.06.001",
      year           = "2012",
      eprint         = "1205.0897",
      archivePrefix  = "arXiv",
      primaryClass   = "hep-ex",
      reportNumber   = "CERN-PH-EP-2012-114, LHCb-PAPER-2012-009",
      SLACcitation   = "%%CITATION = ARXIV:1205.0897;%%",
}

@article{LHCb-PAPER-2012-008,
      author         = "Aaij, R and others",
      title          = "{Inclusive $W$ and $Z$ production in the forward region
                        at $\sqrt{s} = 7\tev$}",
      collaboration  = "LHCb collaboration",
      journal        = "JHEP",
      volume         = "06",
      pages          = "58",
      doi            = "10.1007/JHEP06(2012)058",
      year           = "2012",
      eprint         = "1204.1620",
      archivePrefix  = "arXiv",
      primaryClass   = "hep-ex",
      reportNumber   = "CERN-PH-2012-099, LHCb-PAPER-2012-008",
      SLACcitation   = "%%CITATION = ARXIV:1204.1620;%%",
}

@article{LHCb-PAPER-2012-007,
      author         = "Aaij, R. and others",
      title          = "{Strong constraints on the rare decays $\Bs \to \mu^+
                        \mu^-$ and $B^0 \to \mu^+ \mu^-$}",
      collaboration  = "LHCb collaboration",
      journal        = "Phys.Rev.Lett.",
      volume         = "108",
      pages          = "231801",
      doi            = "10.1103/PhysRevLett.108.231801",
      year           = "2012",
      eprint         = "1203.4493",
      archivePrefix  = "arXiv",
      primaryClass   = "hep-ex",
      reportNumber   = "CERN-PH-EP-2012-072, LHCb-PAPER-2012-007",
      SLACcitation   = "%%CITATION = ARXIV:1203.4493;%%",
}

@article{LHCb-PAPER-2012-006,
      author         = "Aaij, R. and others",
      title          = "{Measurement of the \CP-violating phase $\phi_s$ in $\Bsb \to J/\psi \pi^+\pi^-$ decays}",
      collaboration  = "LHCb collaboration",
      journal        = "Phys.Lett.",
      volume         = "B713",
      pages          = "378-386",
      doi            = "10.1016/j.physletb.2012.06.032",
      year           = "2012",
      eprint         = "1204.5675",
      archivePrefix  = "arXiv",
      primaryClass   = "hep-ex",
      reportNumber   = "CERN-PH-EP-2012-107, LHCb-PAPER-2012-006",
      SLACcitation   = "%%CITATION = ARXIV:1204.5675;%%",
}

@article{LHCb-PAPER-2012-005,
      author         = "Aaij, R. and others",
      title          = "{Analysis of the resonant components in $\overline{B}^0_s \to J/\psi \pi^+\pi^-$}",
      collaboration  = "LHCb collaboration",
      journal        = "Phys.Rev.",
      volume         = "D86",
      pages          = "052006",
      doi            = "10.1103/PhysRevD.86.052006",
      year           = "2012",
      eprint         = "1204.5643",
      archivePrefix  = "arXiv",
      primaryClass   = "hep-ex",
      reportNumber   = "CERN-PH-EP-2012-111, LHCb-PAPER-2012-005",
      SLACcitation   = "%%CITATION = ARXIV:1204.5643;%%",
}

@article{LHCb-PAPER-2012-004,
      author         = "Aaij, R and others",
      title          = "{Measurement of the polarization amplitudes and triple
                        product asymmetries in the $\Bs \to \phi \phi$ decay}",
      collaboration  = "LHCb collaboration",
      journal        = "Phys.Lett.",
      volume         = "B713",
      pages          = "369-377",
      doi            = "10.1016/j.physletb.2012.06.012",
      year           = "2012",
      eprint         = "1204.2813",
      archivePrefix  = "arXiv",
      primaryClass   = "hep-ex",
      reportNumber   = "CERN-PH-EP-2012-092, LHCb-PAPER-2012-004",
      SLACcitation   = "%%CITATION = ARXIV:1204.2813;%%",
}

@article{LHCb-PAPER-2012-003,
      author         = "Aaij, R. and others",
      title          = "{Observation of double charm production involving open charm in $pp$ collisions at $\sqrt{s}= 7\tev$}",
      collaboration  = "LHCb collaboration",
      journal        = "JHEP",
      volume         = "06",
      pages          = "141",
      doi            = "10.1007/JHEP06(2012)141",
      year           = "2012",
      eprint         = "1205.0975",
      archivePrefix  = "arXiv",
      primaryClass   = "hep-ex",
      reportNumber   = "CERN-PH-2012-109, LHCb-PAPER-2012-003",
      SLACcitation   = "%%CITATION = ARXIV:1205.0975;%%",
}

@article{LHCb-PAPER-2012-002,
      author         = "Aaij, R and others",
      title          = "{Measurement of $b$-hadron branching fractions for
                        two-body decays into charmless charged hadrons}",
      collaboration  = "LHCb collaboration",
      journal        = "JHEP",
      volume         = "10",
      pages          = "37",
      doi            = "10.1007/JHEP10(2012)037",
      year           = "2012",
      eprint         = "1206.2794",
      archivePrefix  = "arXiv",
      primaryClass   = "hep-ex",
      reportNumber   = "LHCB-PAPER-2012-002, CERN-PH-EP-2012-161",
      SLACcitation   = "%%CITATION = ARXIV:1206.2794;%%",
}

@article{LHCb-PAPER-2012-001,
      author         = "Aaij, R. and others",
      title          = "{Observation of \CP violation in $\Bpm \to D\Kpm$ decays}",
      collaboration  = "LHCb collaboration",
      journal        = "Phys.Lett.",
      volume         = "B712",
      pages          = "203",
      doi            = "10.1016/j.physletb.2012.04.060",
      year           = "2012",
      eprint         = "1203.3662",
      archivePrefix  = "arXiv",
      primaryClass   = "hep-ex",
      reportNumber   = "LHCb-PAPER-2012-001, CERN-PH-EP-2012-071",
      SLACcitation   = "%%CITATION = ARXIV:1203.3662;%%",
}

@article{LHCb-PAPER-2011-045,
      author         = "Aaij, R and others",
      title          = "{Measurement of $\psi(2S)$ meson production in $pp$ collisions at $\sqrt{s}=7\tev$}",
      collaboration  = "LHCb collaboration",
      journal        = "Eur.Phys.J.",
      volume         = "C72",
      pages          = "2100",
      doi            = "10.1140/epjc/s10052-012-2100-4",
      year           = "2012",
      eprint         = "1204.1258",
      archivePrefix  = "arXiv",
      primaryClass   = "hep-ex",
      reportNumber   = "LHCb-PAPER-2011-045, CERN-PH-EP-2012-094",
      SLACcitation   = "%%CITATION = ARXIV:1204.1258;%%",
}

@article{LHCb-PAPER-2011-044,
      author         = "Aaij, R. and others",
      title          = "{First observation of the decay $\Bc \to \jpsi \pi^+\pi^-\pi^+$}",
      collaboration  = "LHCb collaboration",
      journal        = "Phys.Rev.Lett.",
      volume         = "108",
      pages          = "251802",
      doi            = "10.1103/PhysRevLett.108.251802",
      year           = "2012",
      eprint         = "1204.0079",
      archivePrefix  = "arXiv",
      primaryClass   = "hep-ex",
      reportNumber   = "LHCb-PAPER-2011-044, CERN-PH-EP-2012-090",
      SLACcitation   = "%%CITATION = ARXIV:1204.0079;%%",
}

@article{LHCb-PAPER-2011-043,
      author         = "Aaij, R. and others",
      title          = "{Measurement of the $B^\pm$ production cross-section in $pp$ collisions at $\sqrt{s}=7\tev$}",
      collaboration  = "LHCb collaboration",
      journal        = "JHEP",
      volume         = "04",
      pages          = "93",
      doi            = "10.1007/JHEP04(2012)093",
      year           = "2012",
      eprint         = "1202.4812",
      archivePrefix  = "arXiv",
      primaryClass   = "hep-ex",
      reportNumber   = "LHCb-PAPER-2011-043, CERN-EP-PH-2012-047",
}

@article{LHCb-PAPER-2011-042,
      author         = "Aaij, R. and others",
      title          = "{Measurement of the ratio of branching fractions $\BR(\Bz \to
                        \Kstarz \gamma)/\BR(\Bs \to \phi \gamma)$}",
      collaboration  = "LHCb collaboration",
      journal        = "Phys.Rev.",
      volume         = "D85",
      pages          = "112013",
      doi            = "10.1103/PhysRevD.85.112013",
      year           = "2012",
      eprint         = "1202.6267",
      archivePrefix  = "arXiv",
      primaryClass   = "hep-ex",
      reportNumber   = "CERN-PH-2012-041, ",
      SLACcitation   = "%%CITATION = ARXIV:1202.6267;%%",
}

@article{LHCb-PAPER-2011-041,
      author         = "Aaij, R. and others",
      title          = "{Measurement of the $B^0_s \to J/\psi K^0_{\rm S}$ branching fraction}",
      collaboration  = "LHCb collaboration",
      journal        = "Phys.Lett.",
      volume         = "B713",
      pages          = "172-179",
      doi            = "10.1016/j.physletb.2012.05.062",
      year           = "2012",
      eprint         = "1205.0934",
      archivePrefix  = "arXiv",
      primaryClass   = "hep-ex",
      reportNumber   = "CERN-PH-EP-2012-115, LHCb-PAPER-2011-041",
      SLACcitation   = "%%CITATION = ARXIV:1205.0934;%%",
}

@article{LHCb-PAPER-2011-040,
      author         = "Aaij, R. and others",
      title          = "{First observation of the decays $\Bdb \to \Dp \Km \pip
                        \pim$ and $\Bm \to \Dz \Km \pip \pim$}",
      collaboration  = "LHCb collaboration",
      journal        = "Phys. Rev. Lett.",
      volume         = "108",
      pages          = "161801",
      doi            = "10.1103/PhysRevLett.108.161801",
      year           = "2012",
      eprint         = "1201.4402",
      archivePrefix  = "arXiv",
      primaryClass   = "hep-ex",
      reportNumber   = "LHCb-PAPER-2011-040, CERN-EP-PH-2011-229",
      SLACcitation   = "%%CITATION = ARXIV:1201.4402;%%",
}

@article{LHCb-PAPER-2011-038,
      author         = "Aaij, R. and others",
      title          = "{Searches for Majorana neutrinos in $\Bm$ decays}",
      collaboration  = "LHCb collaboration",
      journal        = "Phys.Rev.",
      volume         = "D85",
      pages          = "112004",
      doi            = "10.1103/PhysRevD.85.112004",
      year           = "2012",
      eprint         = "1201.5600",
      archivePrefix  = "arXiv",
      primaryClass   = "hep-ex",
      reportNumber   = "CERN-PH-EP-2012-006, LHCb-PAPER-2011-038",
      SLACcitation   = "%%CITATION = ARXIV:1201.5600;%%",
}

@article{LHCb-PAPER-2011-037,
      author         = "Aaij, R. and others",
      title          = "{Measurement of prompt hadron production ratios in $pp$
                        collisions at $\sqrt{s} = $ 0.9 and $7\tev$}",
      collaboration  = "LHCb collaboration",
      journal        = "Eur.Phys.J.",
      volume         = "C72",
      pages          = "2168",
      doi            = "10.1140/epjc/s10052-012-2168-x",
      year           = "2012",
      eprint         = "1206.5160",
      archivePrefix  = "arXiv",
      primaryClass   = "hep-ex",
      reportNumber   = "LHCB-PAPER-2011-037, CERN-PH-EP-2012-171",
      SLACcitation   = "%%CITATION = ARXIV:1206.5160;%%",
}

@article{LHCb-PAPER-2011-036,
      author         = "Aaij, R. and others",
      title          = "{Measurement of $\Upsilon$ production in $pp$ collisions at $\sqrt{s} = 7 \tev$}",
      collaboration  = "LHCb collaboration",
      journal        = "Eur.Phys.J.",
      volume         = "C72",
      pages          = "2025",
      doi            = "10.1140/epjc/s10052-012-2025-y",
      year           = "2012",
      eprint         = "1202.6579",
      archivePrefix  = "arXiv",
      primaryClass   = "hep-ex",
      reportNumber   = "CERN-PH-EP-2012-051, LHCb-PAPER-2011-036",
      SLACcitation   = "%%CITATION = ARXIV:1202.6579;%%",
}

@article{LHCb-PAPER-2011-035,
      author         = "Aaij, R. and others",
      title          = "{Measurement of \bquark-hadron masses}",
      collaboration  = "LHCb collaboration",
      journal        = "Phys. Lett.",
      volume         = "B708",
      pages          = "241",
      doi            = "10.1016/j.physletb.2012.01.058",
      year           = "2012",
      eprint         = "1112.4896",
      archivePrefix  = "arXiv",
      primaryClass   = "hep-ex",
      reportNumber   = "LHCb-PAPER-2011-035, CERN-PH-EP-2011-226",
      SLACcitation   = "%%CITATION = ARXIV:1112.4896;%%",
}

@article{LHCb-PAPER-2011-034,
      author         = "Aaij, R. and others",
      title          = "{Observation of $X(3872)$ production in $pp$
                  collisions at $\sqrt{s}= 7\tev$}",
      collaboration  = "LHCb collaboration",
      journal        = "Eur.Phys.J.",
      volume         = "C72",
      pages          = "1972",
      doi            = "10.1140/epjc/s10052-012-1972-7",
      year           = "2011",
      eprint         = "1112.5310",
      archivePrefix  = "arXiv",
      primaryClass   = "hep-ex",
      reportNumber   = "LHCb-PAPER-2011-034, CERN-PH-EP-2011-216",
      SLACcitation   = "%%CITATION = ARXIV:1112.5310;%%",
}

@article{LHCb-PAPER-2011-033,
      author         = "Aaij, R. and others",
      title          = "{Search for the $X(4140)$ state in $B^+\to J/\psi\phi K^+$ decays}",
      collaboration  = "LHCb collaboration",
      journal        = "Phys. Rev.",
      volume         = "D85",
      pages          = "091103(R)",
      doi            = "10.1103/PhysRevD.85.091103",
      year           = "2012",
      eprint         = "1202.5087",
      archivePrefix  = "arXiv",
      primaryClass   = "hep-ex",
      reportNumber   = "LHCb-PAPER-2011-033, CERN-PH-EP-2012-004",
}

@article{LHCb-PAPER-2011-032,
      author         = "Aaij, R. and others",
      title          = "{Measurement of mixing and \CP violation parameters in
                        two-body charm decays}",
      collaboration  = "LHCb collaboration",
      journal        = "JHEP",
      volume         = "04",
      pages          = "129",
      doi            = "10.1007/JHEP04(2012)129",
      year           = "2012",
      eprint         = "1112.4698",
      archivePrefix  = "arXiv",
      primaryClass   = "hep-ex",
      reportNumber   = "LHCb-PAPER-2011-032, CERN-PH-EP-2011-206",
      SLACcitation   = "%%CITATION = ARXIV:1112.4698;%%",
}

@article{LHCb-PAPER-2011-031,
      author         = "Aaij, R. and others",
      title          = "{Measurement of the \CP violating phase $\phi_s$ in
                        $\Bsb \to J/\psi f_0(980)$}",
      collaboration  = "LHCb collaboration",
      journal        = "Phys. Lett.",
      volume         = "B707",
      pages          = "497",
      doi            = "10.1016/j.physletb.2012.01.017",
      year           = "2012",
      eprint         = "1112.3056",
      archivePrefix  = "arXiv",
      primaryClass   = "hep-ex",
      reportNumber   = "CERN-PH-EP-2011-205, LHCb-PAPER-2011-031",
      SLACcitation   = "%%CITATION = ARXIV:1112.3056;%%",
}

@article{LHCb-PAPER-2011-030,
      author         = "Aaij, R. and others",
      title          = "{Measurement of the ratio of prompt $\chi_{c}$ to
                        $J/\psi$ production in $pp$ collisions at $\sqrt{s}=7\tev$}",
      collaboration  = "LHCb collaboration",
      journal        = "Phys. Lett.",
      volume         = "B718",
      pages          = "431",
      doi            = "10.1016/j.physletb.2012.10.068",
      year           = "2012",
      eprint         = "1204.1462",
      archivePrefix  = "arXiv",
      primaryClass   = "hep-ex",
      reportNumber   = "CERN-PH-EP-2012-068, LHCb-PAPER-2011-030",
      SLACcitation   = "%%CITATION = ARXIV:1204.1462;%%",
}

@article{LHCb-PAPER-2011-029,
      author         = "Aaij, R. and others",
      title          = "{First evidence of direct \CP violation in
                  charmless two-body decays of \Bs mesons}",
      collaboration  = "LHCb collaboration",
      journal        = "Phys. Rev. Lett.",
      volume         = "108",
      pages          = "201601",
      doi            = "10.1103/PhysRevLett.108.201601",
      year           = "2012",
      eprint         = "1202.6251",
      archivePrefix  = "arXiv",
      primaryClass   = "hep-ex",
      reportNumber   = "CERN-PH-EP-2012-058, LHCb-PAPER-2011-029",
}

@article{LHCb-PAPER-2011-028,
      author         = "Aaij, R. and others",
      title          = "{Determination of the sign of the decay width difference
                        in the \Bs system}",
      collaboration  = "LHCb collaboration",
      journal        = "Phys.Rev.Lett.",
      volume         = "108",
      pages          = "241801",
      doi            = "10.1103/PhysRevLett.108.241801",
      year           = "2012",
      eprint         = "1202.4717",
      archivePrefix  = "arXiv",
      primaryClass   = "hep-ex",
      reportNumber   = "CERN-PH-EP-2012-050, LHCB-PAPER-2011-028",
      SLACcitation   = "%%CITATION = ARXIV:1202.4717;%%",
}

@article{LHCb-PAPER-2011-027,
      author         = "Aaij, R. and others",
      title          = "{Opposite-side flavour tagging of \B mesons at the LHCb
                        experiment}",
      collaboration  = "LHCb collaboration",
      journal        = "Eur.Phys.J.",
      volume         = "C72",
      pages          = "2022",
      doi            = "10.1140/epjc/s10052-012-2022-1",
      year           = "2012",
      eprint         = "1202.4979",
      archivePrefix  = "arXiv",
      primaryClass   = "hep-ex",
      reportNumber   = "CERN-PH-EP-2012-034, LHCb-PAPER-2011-027",
      SLACcitation   = "%%CITATION = ARXIV:1202.4979;%%",
}

@article{LHCb-PAPER-2011-026,
      author         = "Aaij, R. and others",
      title          = "{Observation of $\Bsb \to
                  J/\psi f'_2(1525)$ in $J/\psi K^+K^-$ final states}",
      collaboration  = "LHCb collaboration",
      journal        = "Phys. Rev. Lett.",
      volume         = "108",
      pages          = "151801",
      doi            = "10.1103/PhysRevLett.108.151801",
      year           = "2012",
      eprint         = "1112.4695",
      archivePrefix  = "arXiv",
      primaryClass   = "hep-ex",
      reportNumber   = "CERN-PH-EP-2011-212, LHCb-PAPER-2011-026",
      SLACcitation   = "%%CITATION = ARXIV:1112.4695;%%",
}

@article{LHCb-PAPER-2011-025,
      author         = "Aaij, R. and others",
      title          = "{Search for the rare decays $B^0_s \to
                  \mu^+\mu^-$ and $B^0 \to \mu^+\mu^-$}",
      collaboration  = "LHCb collaboration",
      journal        = "Phys. Lett.",
      volume         = "B708",
      pages          = "55",
      doi            = "10.1016/j.physletb.2012.01.038",
      year           = "2012",
      eprint         = "1112.1600",
      archivePrefix  = "arXiv",
      primaryClass   = "hep-ex",
      reportNumber   = "CERN-PH-EP-2011-186, LHCb-PAPER-2011-025",
      SLACcitation   = "%%CITATION = ARXIV:1112.1600;%%",
}

@article{LHCb-PAPER-2011-024,
      author         = "Aaij, R. and others",
      title          = "{Measurements of the branching fractions and \CP
                        asymmetries of $\Bpm \to \jpsi \pipm$ and $\Bpm \to \psitwos \pipm$ decays}",
      collaboration  = "LHCb collaboration",
      journal        = "Phys. Rev.",
      pages          = "091105(R)",
      volume         = "D85",
      doi            = "10.1103/PhysRevD.85.091105",
      year           = "2012",
      eprint         = "1203.3592",
      archivePrefix  = "arXiv",
      primaryClass   = "hep-ex",
      reportNumber   = "LHCb-PAPER-2011-024, CERN-PH-EP-2012-070",
      SLACcitation   = "%%CITATION = ARXIV:1203.3592;%%",
}

@article{LHCb-PAPER-2011-023,
      author         = "Aaij, R. and others",
      title          = "{Evidence for \CP violation in time-integrated $D^0 \rightarrow h^-h^+$ decay rates}",
      collaboration  = "LHCb collaboration",
      journal        = "Phys. Rev. Lett.",
      volume         = "108",
      pages          = "111602",
      doi            = "10.1103/PhysRevLett.108.111602",
      year           = "2012",
      eprint         = "1112.0938",
      archivePrefix  = "arXiv",
      primaryClass   = "hep-ex",
      reportNumber   = "LHCb-PAPER-2011-023, CERN-PH-EP-2011-208",
      SLACcitation   = "%%CITATION = ARXIV:1112.0938;%%",
}

@article{LHCb-PAPER-2011-022,
      author         = "Aaij, R and others",
      title          = "{Measurements of the branching fractions of the decays
                        $B^{0}_{s} \to D^{\mp}_{s} K^{\pm} $ and $B^{0}_{s} \to
                        D^{-}_{s} \pi^{+}$}",
      collaboration  = "LHCb collaboration",
      journal        = "JHEP",
      volume         = "06",
      pages          = "115",
      doi            = "10.1007/JHEP06(2012)115",
      year           = "2012",
      eprint         = "1204.1237",
      archivePrefix  = "arXiv",
      primaryClass   = "hep-ex",
      reportNumber   = "CERN-PH-EP-2012-091, LHCb-PAPER-2011-022",
      SLACcitation   = "%%CITATION = ARXIV:1204.1237;%%",
}

@article{LHCb-PAPER-2011-021,
      author         = "Aaij, R. and others",
      title          = "{Measurement of the \CP-violating phase
                  $\phi_s$ in the decay $\Bs \to J/\psi \phi$}",
      collaboration  = "LHCb collaboration",
      journal        = "Phys.Rev.Lett.",
      volume         = "108",
      pages          = "101803",
      doi            = "10.1103/PhysRevLett.108.101803",
      year           = "2012",
      eprint         = "1112.3183",
      archivePrefix  = "arXiv",
      primaryClass   = "hep-ex",
      reportNumber   = "CERN-PH-EP-2011-214, LHCb-PAPER-2011-021",
      SLACcitation   = "%%CITATION = ARXIV:1112.3183;%%",
}

@article{LHCb-PAPER-2011-020,
      author         = "Aaij, R. and others",
      collaboration  = "LHCb collaboration",
      title          = "{Differential branching fraction and angular analysis of
                        the decay $B^{0} \rightarrow K^{*0} \mu^+ \mu^-$}",
      journal        = "Phys.Rev.Lett.",
      volume         = "108",
      pages          = "181806",
      doi            = "10.1103/PhysRevLett.108.181806",
      year           = "2012",
      eprint         = "1112.3515",
      archivePrefix  = "arXiv",
      primaryClass   = "hep-ex",
      reportNumber   = "LHCb-PAPER-2011-020, CERN-PH-EP-2011-211",
      SLACcitation   = "%%CITATION = ARXIV:1112.3515;%%",
}

@article{LHCb-PAPER-2011-019,
      author         = "Aaij, R. and others",
      title          = "{Measurement of the cross-section ratio
                        $\sigma(\chi_{c2})/\sigma(\chi_{c1})$ for prompt $\chi_c$
                        production at $\sqrt{s}=7\tev$}",
      collaboration  = "LHCb collaboration",
      journal        = "Phys.Lett.",
      volume         = "B714",
      pages          = "215-223",
      doi            = "10.1016/j.physletb.2012.06.077",
      year           = "2012",
      eprint         = "1202.1080",
      archivePrefix  = "arXiv",
      primaryClass   = "hep-ex",
      reportNumber   = "LHCb-PAPER-2011-019, CERN-PH-EP-2011-227",
      SLACcitation   = "%%CITATION = ARXIV:1202.1080;%%",
}

@article{LHCb-PAPER-2011-018,
      author         = "Aaij, R. and others",
      title          = "{Measurement of \bquark hadron production fractions in $7\tev$ $pp$ collisions}",
      collaboration  = "LHCb collaboration",
      journal        = "Phys.Rev.",
      volume         = "D85",
      pages          = "032008",
      doi            = "10.1103/PhysRevD.85.032008",
      year           = "2012",
      eprint         = "1111.2357",
      archivePrefix  = "arXiv",
      primaryClass   = "hep-ex",
      reportNumber   = "CERN-PH-EP-2011-172, LHCb-PAPER-2011-018",
      SLACcitation   = "%%CITATION = ARXIV:1111.2357;%%",
}

@article{LHCb-PAPER-2011-017,
      author         = "Aaij, R. and others",
      title          = "{Search for \CP violation in $D^{+} \to K^{-}K^{+}\pi^{+}$ decays}",
      collaboration  = "LHCb collaboration",
      journal        = "Phys. Rev.",
      volume         = "D84",
      pages          = "112008",
      doi            = "10.1103/PhysRevD.84.112008",
      year           = "2011",
      eprint         = "1110.3970",
      archivePrefix  = "arXiv",
      primaryClass   = "hep-ex",
      reportNumber   = "LHCb-PAPER-2011-017, CERN-PH-EP-2011-163",
      SLACcitation   = "%%CITATION = ARXIV:1110.3970;%%",
}

@article{LHCb-PAPER-2011-016,
      author         = "Aaij, R. and others",
      title          = "{Measurements of the branching fractions for
                  $B_{(s)} \to D_{(s)}\pi\pi\pi$ and $\Lambda_b^0 \to
                  \Lambda_c^+\pi\pi\pi$}",
      collaboration  = "LHCb collaboration",
      journal        = "Phys. Rev.",
      volume         = "D84",
      pages          = "092001 Erratum ibid. {\bf D85} (2012) 039904", 
      doi            = "10.1103/PhysRevD.84.092001",
      year           = "2011",
      eprint         = "1109.6831",
      archivePrefix  = "arXiv",
      primaryClass   = "hep-ex",
      reportNumber   = "LHCb-PAPER-2011-016, CERN-PH-EP-2011-151",
      SLACcitation   = "%%CITATION = ARXIV:1109.6831;%%",
}

@article{LHCb-PAPER-2011-015,
      author         = "Aaij, R. and others",
      title          = "{Absolute luminosity measurements with the LHCb detector
                        at the LHC}",
      collaboration  = "LHCb collaboration",
      journal        = "JINST",
      volume         = "7",
      pages          = "P01010",
      doi            = "10.1088/1748-0221/7/01/P01010",
      year           = "2012",
      eprint         = "1110.2866",
      archivePrefix  = "arXiv",
      primaryClass   = "hep-ex",
      reportNumber   = "LHCb-PAPER-2011-015, CERN-PH-EP-2011-157",
      SLACcitation   = "%%CITATION = ARXIV:1110.2866;%%",
}

@article{LHCb-PAPER-2011-014,
      author         = "Aaij, R. and others",
      title          = "{Measurement of the effective $B^0_s\rightarrow K^+K^-$
                        lifetime}",
      collaboration  = "LHCb collaboration",
      journal        = "Phys. Lett.",
      volume         = "B707",
      pages          = "349",
      doi            = "10.1016/j.physletb.2011.12.058",
      year           = "2012",
      eprint         = "1111.0521",
      archivePrefix  = "arXiv",
      primaryClass   = "hep-ex",
      reportNumber   = "CERN-PH-EP-2011-167, LHCb-PAPER-2011-014",
      SLACcitation   = "%%CITATION = ARXIV:1111.0521;%%",
}

@article{LHCb-PAPER-2011-013,
      author         = "Aaij, R. and others",
      title          = "{Observation of $J/\psi$-pair production in pp collisions
                        at $\sqrt{s}=7 \tev$}",
      collaboration  = "LHCb collaboration",
      journal        = "Phys. Lett.",
      volume         = "B707",
      pages          = "52",
      doi            = "10.1016/j.physletb.2011.12.015",
      year           = "2012",
      eprint         = "1109.0963",
      archivePrefix  = "arXiv",
      primaryClass   = "hep-ex",
      reportNumber   = "LHCb-PAPER-2011-013, CERN-PH-EP-2011-135",
      SLACcitation   = "%%CITATION = ARXIV:1109.0963;%%",
}

@article{LHCb-PAPER-2011-012,
      author         = "Aaij, R. and others",
      title          = "{First observation of the decay $B^0_s
                  \rightarrow \Kstarz \Kstarzb$}",
      collaboration  = "LHCb collaboration",
      journal        = "Phys. Lett.",
      volume         = "B709",
      pages          = "50",
      doi            = "10.1016/j.physletb.2012.02.001",
      year           = "2012",
      eprint         = "1111.4183",
      archivePrefix  = "arXiv",
      primaryClass   = "hep-ex",
      reportNumber   = "CERN-PH-EP-2011-183, LHCb-PAPER-2011-012",
      SLACcitation   = "%%CITATION = ARXIV:1111.4183;%%",
}

@article{LHCb-PAPER-2011-011,
      author         = "Aaij, R. and others",
      title          = "{Measurement of charged particle multiplicities in $pp$
                        collisions at $\sqrt{s} =7\tev$ in the forward region}",
      collaboration  = "LHCb collaboration",
      journal        = "Eur.Phys.J.",
      volume         = "C72",
      pages          = "1947",
      doi            = "10.1140/epjc/s10052-012-1947-8",
      year           = "2012",
      eprint         = "1112.4592",
      archivePrefix  = "arXiv",
      primaryClass   = "hep-ex",
      reportNumber   = "LHCb-PAPER-2011-011, CERN-PH-EP-2011-209",
      SLACcitation   = "%%CITATION = ARXIV:1112.4592;%%",
}

@article{LHCb-PAPER-2011-010,
      author         = "Aaij, R. and others",
      title          = "{Measurement of the $\Bs-\Bsb$ oscillation
                  frequency $\Delta m_s$ in $\Bs \to \Dsm (3)\pi$
                  decays}",
      collaboration  = "LHCb collaboration",
      journal        = "Phys. Lett.",
      volume         = "B709",
      pages          = "177",
      doi            = "10.1016/j.physletb.2012.02.031",
      year           = "2012",
      eprint         = "1112.4311",
      archivePrefix  = "arXiv",
      primaryClass   = "hep-ex",
      reportNumber   = "LHCb-PAPER-2011-010, CERN-PH-EP-2011-194",
      SLACcitation   = "%%CITATION = ARXIV:1112.4311;%%",
}

@article{LHCb-PAPER-2011-009,
      author         = "Aaij, R. and others",
      title          = "{Search for lepton number violating decays
                        $B^{+}\rightarrow \pi^- \mu^+ \mu^+$ and $B^{+}\rightarrow
                        K^- \mu^+ \mu^+$}",
      collaboration  = "LHCb collaboration",
      journal        = "Phys.Rev.Lett.",
      volume         = "108",
      pages          = "101601",
      doi            = "10.1103/PhysRevLett.108.101601",
      year           = "2012",
      eprint         = "1110.0730",
      archivePrefix  = "arXiv",
      primaryClass   = "hep-ex",
      reportNumber   = "LHCb-PAPER-2011-009, CERN-PH-EP-2011-156",
      SLACcitation   = "%%CITATION = ARXIV:1110.0730;%%",
}

@article{LHCb-PAPER-2011-008,
      author         = "Aaij, R. and others",
      title          = "{First observation of the decay $\overline{B}^0_s \to D^0
                        K^{*0}$ and a measurement of the ratio of branching
                        fractions $\frac{{\cal B}(\overline{B}^0_s \to D^0
                        K^{*0})}{{\cal B}(\overline{B}^0 \to D^0 \rho^0)}$}",
      collaboration  = "LHCb collaboration",
      journal        = "Phys. Lett.",
      volume         = "B706",
      pages          = "32",
      doi            = "10.1016/j.physletb.2011.10.073",
      year           = "2011",
      eprint         = "1110.3676",
      archivePrefix  = "arXiv",
      primaryClass   = "hep-ex",
      reportNumber   = "LHCb-PAPER-2011-008, CERN-PH-EP-2011-150",
      SLACcitation   = "%%CITATION = ARXIV:1110.3676;%%",
}

@article{LHCb-PAPER-2011-007,
      author         = "Aaij, R. and others",
      title          = "{Measurement of the inclusive $\phi$ cross-section in $pp$
                        collisions at $\sqrt{s} = 7\tev$}",
      collaboration  = "LHCb collaboration",
      journal        = "Phys. Lett.",
      volume         = "B703",
      pages          = "267",
      doi            = "10.1016/j.physletb.2011.08.017",
      year           = "2011",
      eprint         = "1107.3935",
      archivePrefix  = "arXiv",
      primaryClass   = "hep-ex",
      reportNumber   = "LHCb-PAPER-2011-007, CERN-PH-EP-2011-106",
      SLACcitation   = "%%CITATION = ARXIV:1107.3935;%%",
}

@article{LHCb-PAPER-2011-006,
      author         = "Aaij, R. and others",
      title          = "{Determination of $f_s/f_d$ for $7\tev$ $pp$ collisions and measurement of the $\Bd\to D^-K^+$ branching fraction}",
      collaboration  = "LHCb collaboration",
      journal        = "Phys. Rev. Lett.",
      volume         = "107",
      pages          = "211801",
      doi            = "10.1103/PhysRevLett.107.211801",
      year           = "2011",
      eprint         = "1106.4435",
      archivePrefix  = "arXiv",
      primaryClass   = "hep-ex",
      reportNumber   = "CERN-PH-EP-2011-075, LHCb-PAPER-2011-006",
      SLACcitation   = "%%CITATION = ARXIV:1106.4435;%%",
}
@article{LHCb-PAPER-2011-005,
      author         = "Aaij, R. and others",
      title          = "{Measurement of $V^0$ production ratios in $pp$
                        collisions at $\sqrt{s} = 0.9$ and $7\tev$}",
      collaboration  = "LHCb collaboration",
      journal        = "JHEP",
      volume         = "08",
      pages          = "34",
      doi            = "10.1007/JHEP08(2011)034",
      year           = "2011",
      eprint         = "1107.0882",
      archivePrefix  = "arXiv",
      primaryClass   = "hep-ex",
      reportNumber   = "CERN-PH-EP-2011-082, LHCb-PAPER-2011-005",
      SLACcitation   = "%%CITATION = ARXIV:1107.0882;%%",
}

@article{LHCb-PAPER-2011-004,
      author         = "Aaij, R. and others",
      title          = "{Search for the rare decays $\Bs \to
                  \mu^+\mu^-$ and $\Bz \to \mu^+\mu^-$}",
      collaboration  = "LHCb collaboration",
      journal        = "Phys. Lett.",
      volume         = "B699",
      pages          = "330",
      doi            = "10.1016/j.physletb.2011.04.031",
      year           = "2011",
      eprint         = "1103.2465",
      archivePrefix  = "arXiv",
      primaryClass   = "hep-ex",
      reportNumber   = "CERN-PH-EP-2011-029, LHCb-PAPER-2011-004",
      SLACcitation   = "%%CITATION = ARXIV:1103.2465;%%",
}

@article{LHCb-PAPER-2011-003,
      author         = "Aaij, R. and others",
      title          = "{Measurement of $J/\psi$ production in $pp$
                  collisions at $\sqrt{s}=7\tev$}",
      collaboration  = "LHCb collaboration",
      journal        = "Eur. Phys. J.",
      volume         = "C71",
      pages          = "1645",
      doi            = "10.1140/epjc/s10052-011-1645-y",
      year           = "2011",
      eprint         = "1103.0423",
      archivePrefix  = "arXiv",
      primaryClass   = "hep-ex",
      reportNumber   = "CERN-PH-EP-2011-018, LHCb-PAPER-2011-003",
      SLACcitation   = "%%CITATION = ARXIV:1103.0423;%%",
}


@article{LHCb-PAPER-2011-002,
      author         = "Aaij, R. and others",
      title          = "{First observation of $\Bs \to \jpsi f_0(980)$ decays}",
      collaboration  = "LHCb collaboration",
      journal        = "Phys. Lett.",
      volume         = "B698",
      pages          = "115",
      doi            = "10.1016/j.physletb.2011.03.006",
      year           = "2011",
      eprint         = "1102.0206",
      archivePrefix  = "arXiv",
      primaryClass   = "hep-ex",
      reportNumber   = "CERN-PH-EP-2011-011, LHCb-PAPER-2011-002",
      SLACcitation   = "%%CITATION = ARXIV:1102.0206;%%",
}

@article{LHCb-PAPER-2011-001,
      author         = "Aaij, R. and others",
      title          = "{First observation of $\Bsb \to D_{s2}^{*+} X \mun\neub$
                        decays}",
      collaboration  = "LHCb collaboration",
      journal        = "Phys. Lett.",
      volume         = "B698",
      pages          = "14",
      doi            = "10.1016/j.physletb.2011.02.039",
      year           = "2011",
      eprint         = "1102.0348",
      archivePrefix  = "arXiv",
      primaryClass   = "hep-ex",
      reportNumber   = "CERN-PH-EP-2011-008, LHCb-PAPER-2011-001",
      SLACcitation   = "%%CITATION = ARXIV:1102.0348;%%",
}

@article{LHCb-PAPER-2010-002,
      author         = "Aaij, R. and others",
      title          = "{Measurement of $\sigma(pp \to \bbbar X)$ at
                        $\sqrt{s}=7\tev$ in the forward region}",
      collaboration  = "LHCb collaboration",
      journal        = "Phys. Lett.",
      volume         = "B694",
      pages          = "209",
      doi            = "10.1016/j.physletb.2010.10.010",
      year           = "2010",
      eprint         = "1009.2731",
      archivePrefix  = "arXiv",
      primaryClass   = "hep-ex",
      reportNumber   = "CERN-PH-EP-2010-029, LHCb-PAPER-2010-002",
      SLACcitation   = "%%CITATION = ARXIV:1009.2731;%%",
}

@article{LHCb-PAPER-2010-001,
      author         = "Aaij, R and others",
      title          = "{Prompt $\KS$ production in $pp$ collisions at
                  $\sqrt{s}=0.9\tev$}",
      collaboration  = "LHCb collaboration",
      journal        = "Phys.Lett.",
      volume         = "B693",
      pages          = "69",
      doi            = "10.1016/j.physletb.2010.08.055",
      year           = "2010",
      eprint         = "1008.3105",
      archivePrefix  = "arXiv",
      primaryClass   = "hep-ex",
      reportNumber   = "CERN-PH-EP-2010-027",
      SLACcitation   = "%%CITATION = ARXIV:1008.3105;%%",
}
