%%%%%%%%%%%%%%%%%%%%%%%%%%%%%%%%%%
%
%  LHCb conference notes
%
%%%%%%%%%%%%%%%%%%%%%%%%%%%%%%%%%%

@lhcbreport{LHCb-CONF-2013-007,
      number       = "{LHCb-CONF-2013-007}",
      collaboration= "{LHCb collaboration}",
      title        = "{Measurement of the cross section for $Z\rightarrow\mu^{+}\mu^{-}$ production with $1.0 \invfb$ of $pp$ collisions at $\sqrt{s}=7 \tev$}",
      month        = "{Apr}",
      year         = "{2013}",
}

@lhcbreport{LHCb-CONF-2013-006,
      number       = "{LHCb-CONF-2013-006}",
      collaboration= "{LHCb collaboration}",
      title        = "{A measurement of $\gamma$ from a combination of $B^\pm \to DK^\pm$ analyses including first results using $2 \invfb$ of 2012 data}",
      month        = "{Apr}",
      year         = "{2013}",
}

@lhcbreport{LHCb-CONF-2013-005,
      number       = "{LHCb-CONF-2013-005}",
      collaboration= "{LHCb collaboration}",
      title        = "{Graphical comparison of the LHCb measurements of $W$ and $Z$ boson production with ATLAS and CMS}",
      month        = "{Apr}",
      year         = "{2013}",
}

@lhcbreport{LHCb-CONF-2013-004,
      number       = "{LHCb-CONF-2013-004}",
      collaboration= "{LHCb collaboration}",
      title        = "{Model-independent measurement of CP violation parameters in $B^\pm \to (K_S^0h^+h^-)_D K^\pm$ decays}",
      month        = "{Apr}",
      year         = "{2013}",
}

@lhcbreport{LHCb-CONF-2013-003,
      number       = "{LHCb-CONF-2013-003}",
      collaboration= "{LHCb collaboration}",
      title        = "{A search for time-integrated \CP violation in $D^0 \to K^-K^+$ and $D^0 \to \pi^-\pi^+$ decays}",
      month        = "{Mar}",
      year         = "{2013}",
}

@lhcbreport{LHCb-CONF-2013-002,
      number       = "{LHCb-CONF-2013-002}",
      collaboration= "{LHCb collaboration}",
      title        = "{Measurement of $\sigma(b\bar{b})$ with inclusive final states}",
      month        = "{Mar}",
      year         = "{2013}",
}

@lhcbreport{LHCb-CONF-2013-001,
      number       = "{LHCb-CONF-2013-001}",
      collaboration= "{LHCb collaboration}",
      title        = "{Measurement of the forward-central $b\bar{b}$ production asymmetry at LHCb}",
      month        = "{Mar}",
      year         = "{2013}",
}

@lhcbreport{LHCb-CONF-2012-034,
      number       = "{LHCb-CONF-2012-034}",
      collaboration= "{LHCb collaboration}",
      title        = "{First look at the $p$Pb pilot run}",
      month        = "{Jan}",
      year         = "{2013}",
}

@lhcbreport{LHCb-CONF-2012-033,
      number       = "{LHCb-CONF-2012-033}",
      collaboration= "{LHCb collaboration}",
      title        = "{Optimization and calibration of the same-side kaon tagging algorithm using hadronic $\Bs$ decays in 2011 data}",
      month        = "{Nov}",
      year         = "{2012}",
}

@lhcbreport{LHCb-CONF-2012-032,
      number       = "{LHCb-CONF-2012-032}",
      collaboration= "{LHCb collaboration}",
      title        = "{A measurement of $\gamma$ from a combination of $B^+\to Dh^+$ analyses}",
      month        = "{Oct}",
      year         = "{2012}",
}

@lhcbreport{LHCb-CONF-2012-031,
      number       = "{LHCb-CONF-2012-031}",
      collaboration= "{LHCb collaboration}",
      title        = "{Studies of $\Lambda_b^0 \to J/\psi \Lambda$ production in $pp$ collisions at $\sqrt{s}=7\tev$}",
      month        = "{Oct}",
      year         = "{2012}",
}

@lhcbreport{LHCb-CONF-2012-030,
      number       = "{LHCb-CONF-2012-030}",
      collaboration= "{LHCb collaboration}",
      title        = "{Search for the suppressed ADS modes $B^\pm \to [\pi^\pm K^\mp \pi^+\pi^-]_D K^\pm$ and $B^\pm \to [\pi^\pm K^\mp \pi^+\pi^-]_D \pi^\pm$}",
      month        = "{Oct}",
      year         = "{2012}",
}

@lhcbreport{LHCb-CONF-2012-029,
      number       = "{LHCb-CONF-2012-029}",
      collaboration= "{LHCb collaboration}",
      title        = "{Measurement of the time-dependent \CP-violation parameters in $B^0_s \to D_s^\mp K^\pm$}",
      month        = "{Oct}",
      year         = "{2012}",
}

@lhcbreport{LHCb-CONF-2012-028,
      number       = "{LHCb-CONF-2012-028}",
      collaboration= "{LHCb collaboration}",
      title        = "{Evidence for \CP violation in $B \to KK\pi$ and $B \to \pi\pi\pi$ decays}",
      month        = "{Oct}",
      year         = "{2012}",
}

@lhcbreport{LHCb-CONF-2012-027,
      number       = "{LHCb-CONF-2012-027}",
      collaboration= "{LHCb collaboration}",
      title        = "{Search for the lepton flavour violating and baryon number violating decays $\tau^- \to \antiproton \mu^+ \mu^-$ and $\tau^- \to \proton \mu^- \mu^-$}",
      month        = "{Sep}",
      year         = "{2012}",
}

@lhcbreport{LHCb-CONF-2012-026,
      number       = "{LHCb-CONF-2012-026}",
      collaboration= "{LHCb collaboration}",
      title        = "{Performance of flavor tagging algorithms optimised for the analysis of $B_s^0 \to J/\psi \phi$}",
      month        = "{Jul}",
      year         = "{2012}",
}

@lhcbreport{LHCb-CONF-2012-025,
      number       = "{LHCb-CONF-2012-025}",
      collaboration= "{LHCb collaboration}",
      title        = "{Production of $J/\psi$ and $\Upsilon(1S)$, $\Upsilon(2S)$ and $\Upsilon(3S)$~mesons at $\sqrt{s}=8\tev$}",
      month        = "{Jul}",
      year         = "{2012}",
}

@lhcbreport{LHCb-CONF-2012-024,
      number       = "{LHCb-CONF-2012-024}",
      collaboration= "{LHCb collaboration}",
      title        = "{Measurement of $CP$ observables in $B^0\to D K^{*0}$ with $D\to K^+K^-$}",
      month        = "{Jul}",
      year         = "{2012}",
}

@lhcbreport{LHCb-CONF-2012-023,
      number       = "{LHCb-CONF-2012-023}",
      collaboration= "{LHCb collaboration}",
      title        = "{Branching fraction measurements of $B^0_{d,s}$ decays to $K^0_S h h^{'}$ final states, including first observation of $B^0_s \to K_S K \pi$}",
      month        = "{Jul}",
      year         = "{2012}",
}

@lhcbreport{LHCb-CONF-2012-022,
      number       = "{LHCb-CONF-2012-022}",
      collaboration= "{LHCb collaboration}",
      title        = "{Measurement of the flavour-specific \CP violating asymmetry $a_{\rm sl}^s$ in \Bs decays}",
      month        = "{Jul}",
      year         = "{2012}",
}

@lhcbreport{LHCb-CONF-2012-021,
      number       = "{LHCb-CONF-2012-021}",
      collaboration= "{LHCb collaboration}",
      title        = "{First observation of $B^-\to D^0 K^-\pi^+\pi^-$ decays to \CP even final states}",
      month        = "{Jul}",
      year         = "{2012}",
}

@lhcbreport{LHCb-CONF-2012-020,
      number       = "{LHCb-CONF-2012-020}",
      collaboration= "{LHCb collaboration}",
      title        = "{Observation of $\chi_b(3P)$ state at LHCb in pp collisions at $\sqrt{s}=7\tev$}",
      month        = "{Jul}",
      year         = "{2012}",
}

@lhcbreport{LHCb-CONF-2012-019,
      number       = "{LHCb-CONF-2012-019}",
      collaboration= "{LHCb collaboration}",
      title        = "{Search for $CP$ violation in $D^{0} \to \pi^{-} \pi^{+} \pi^{+} \pi^{-}$ decays}",
      month        = "{Jul}",
      year         = "{2012}",
}

@lhcbreport{LHCb-CONF-2012-018,
      number       = "{LHCb-CONF-2012-018}",
      collaboration= "{LHCb collaboration}",
      title        = "{Evidence for CP violation in $B \to K\pi\pi$ and $B \to KKK$ decays}",
      month        = "{Jul}",
      year         = "{2012}",
}

@lhcbreport{LHCb-CONF-2012-017,
      number       = "{LHCb-CONF-2012-017}",
      collaboration= "{LHCb collaboration}",
      title        = "{Search for the rare decays $B^0_{(s)}\rightarrow\mu\mu$ at the LHC with the ATLAS, CMS and LHCb experiments}",
      month        = "{Jun}",
      year         = "{2012}",
}

@lhcbreport{LHCb-CONF-2012-016,
      number       = "{LHCb-CONF-2012-016}",
      collaboration= "{LHCb collaboration}",
      title        = "{Measurement of jet production in $Z^0/\gamma^*\rightarrow\mu^+\mu^-$ events at LHCb in $\sqrt s = 7\tev$ $pp$ collisions}",
      month        = "{Jun}",
      year         = "{2012}",
}

@lhcbreport{LHCb-CONF-2012-015,
      number       = "{LHCb-CONF-2012-015}",
      collaboration= "{LHCb collaboration}",
      title        = "{Search for the lepton flavour violating decay $\tau^- \rightarrow \mu^+ \mu^- \mu^-$ }",
      month        = "{May}",
      year         = "{2012}",
}

@lhcbreport{LHCb-CONF-2012-014,
      number       = "{LHCb-CONF-2012-014}",
      collaboration= "{LHCb collaboration}",
      title        = "{Search for (Higgs-like) bosons decaying into long-lived exotic particles}",
      month        = "{Jun}",
      year         = "{2012}",
}

@lhcbreport{LHCb-CONF-2012-013,
      number       = "{LHCb-CONF-2012-013}",
      collaboration= "{LHCb collaboration}",
      title        = "{Inclusive low mass Drell-Yan production in the forward
                      region at $\sqrt{s} = 7\tev$}",
      month        = "{Mar}",
      year         = "{2012}",
}

@lhcbreport{LHCb-CONF-2012-012,
      number       = "{LHCb-CONF-2012-012}",
      collaboration= "{LHCb collaboration}",
      title        = "{Measurement of the forward energy flow in $pp$ collisions
                      at $\sqrt{s} = 7\tev$ with the LHCb experiment}",
      month        = "{Mar}",
      year         = "{2012}",
}

@lhcbreport{LHCb-CONF-2012-011,
      number       = "{LHCb-CONF-2012-011}",
      collaboration= "{LHCb collaboration}",
      title        = "{Measurement of the cross-section for $Z^0\rightarrow e^+e^-$ production in $pp$ collisions at $\sqrt{s} = 7\tev$}",
      month        = "{Mar}",
      year         = "{2012}",
}

@lhcbreport{LHCb-CONF-2012-010,
      number       = "{LHCb-CONF-2012-010}",
      collaboration= "{LHCb collaboration}",
      title        = "{Search for the rare decays $B_s^0 \rightarrow \mu^+ \mu^- 
                      \mu^+ \mu^-$ and $B_d^0 \rightarrow \mu^+ \mu^- \mu^+
                      \mu^-$}",
      month        = "{Mar}",
      year         = "{2012}",
}

@lhcbreport{LHCb-CONF-2012-009,
      number       = "{LHCb-CONF-2012-009}",
      collaboration= "{LHCb collaboration}",
      title        = "{First observations and branching fraction measurements of
                      $\overline{B}_s^0$ to double-charm final states}",
      month        = "{Feb}",
      year         = "{2012}",
}

@lhcbreport{LHCb-CONF-2012-008,
      number       = "{LHCb-CONF-2012-008}",
      collaboration= "{LHCb collaboration}",
      title        = "{Differential branching fraction and angular analysis of the
                      $B^{0} \to K^{*0} \mu^{+}\mu^{-}$ decay}",
      month        = "{Feb}",
      year         = "{2012}",
}

@lhcbreport{LHCb-CONF-2012-007,
      number       = "{LHCb-CONF-2012-007}",
      collaboration= "{LHCb collaboration}",
      title        = "{Measurement of time-dependent $CP$ violation in charmless
                      two-body $B$ decays}",
      month        = "{Feb}",
      year         = "{2012}",
}

@lhcbreport{LHCb-CONF-2012-006,
      number       = "{LHCb-CONF-2012-006}",
      collaboration= "{LHCb collaboration}",
      title        = "{First observation of $B^+ \rightarrow \pi^+\mu^+\mu^-$}",
      month        = "{Apr}",
      year         = "{2012}",
}

@lhcbreport{LHCb-CONF-2012-005,
      number       = "{LHCb-CONF-2012-005}",
      collaboration= "{LHCb collaboration}",
      title        = "{Search for the $D^0 \to \mu^+ \mu^-$ decay with $0.9 \invfb$ at LHCb}",
      month        = "{Feb}",
      year         = "{2012}",
}

@lhcbreport{LHCb-CONF-2012-004,
      number       = "{LHCb-CONF-2012-004}",
      collaboration= "{LHCb collaboration}",
      title        = "{Measurement of the direct $CP$ asymmetry in the $B_d^0\to
                      K^{*0}\gamma$ decay}",
      month        = "{Mar}",
      year         = "{2012}",
}

@lhcbreport{LHCb-CONF-2012-003,
      number       = "{LHCb-CONF-2012-003}",
      collaboration= "{LHCb collaboration}",
      title        = "{Measurement of the ratio of branching fractions for $B ^0_s \rightarrow \phi\mu\mu$ and $B ^0_s \rightarrow  J/\psi \phi$}",
      month        = "{Mar}",
      year         = "{2012}",
}

@lhcbreport{LHCb-CONF-2012-002,
      number       = "{LHCb-CONF-2012-002}",
      collaboration= "{LHCb collaboration}",
      title        = "{Tagged time-dependent angular analysis of $B_s^0 \to
                      J/\psi\phi$ decays at LHCb}",
      month        = "{Mar}",
      year         = "{2012}",
}

@lhcbreport{LHCb-CONF-2012-001,
      number       = "{LHCb-CONF-2012-001}",
      collaboration= "{LHCb collaboration}",
      title        = "{Measurement of the effective $B^0_s \rightarrow K^+ K^-$
                      lifetime}",
      month        = "{Mar}",
      year         = "{2012}",
}

@lhcbreport{LHCb-CONF-2011-062,
      number       = "{LHCb-CONF-2011-062}",
      collaboration= "{LHCb collaboration}",
      title        = "{Measurement of the relative cross-section
                      $\sigma(\chi_{c_2})/\sigma(\chi_{c_1})$ of prompt $\chi_c$
                      mesons using at LHCb}",
      month        = "{Nov}",
      year         = "{2011}",
}

@lhcbreport{LHCb-CONF-2011-061,
      number       = "{LHCb-CONF-2011-061}",
      collaboration= "{LHCb collaboration}",
      title        = "{A search for time-integrated CP violation in $D^0 \to
                      h^-h^+$ decays}",
      month        = "{Nov}",
      year         = "{2011}",
}

@lhcbreport{LHCb-CONF-2011-060,
      number       = "{LHCb-CONF-2011-060}",
      collaboration= "{LHCb collaboration}",
      title        = "{Measurement of the masses of the  $\Xi_b^{-}$ and
                      $\Omega_b^{-}$}",
      month        = "{Nov}",
      year         = "{2011}",
}

@lhcbreport{LHCb-CONF-2011-059,
      number       = "{LHCb-CONF-2011-059}",
      collaboration= "{LHCb collaboration}",
      title        = "{Relative branching ratio measurements of charmless
                      $B^{\pm}$ decays to three hadrons}",
      month        = "{Nov}",
      year         = "{2011}",
}

@lhcbreport{LHCb-CONF-2011-058,
      number       = "{LHCb-CONF-2011-058}",
      collaboration= "{LHCb collaboration}",
      title        = "{Measurements of the relative branching fractions of the
                      $B^{\pm} \to p \bar p K^{\pm}$ decay channel including
                      charmonium contributions}",
      month        = "{Sep}",
      year         = "{2011}",
}

@lhcbreport{LHCb-CONF-2011-057,
      number       = "{LHCb-CONF-2011-057}",
      collaboration= "{LHCb collaboration}",
      title        = "{Measurements of the relative and absolute branching
                      fractions of the decays $B^0_s\rightarrow D^\mp_s K^\pm$ and
                      $B^0_s\rightarrow D^-_s \pi^+$ }",
      month        = "{Sep}",
      year         = "{2011}",
}

@lhcbreport{LHCb-CONF-2011-056,
      number       = "{LHCb-CONF-2011-056}",
      collaboration= "{LHCb collaboration}",
      title        = "{Combination of $\phi_s$ measurements from $B_{s}^{0}\to
                      J/\psi\phi$ and $B_{s}^{0}\to J/\psi f_{0}(980)$}",
      month        = "{Aug}",
      year         = "{2011}",
}

@lhcbreport{LHCb-CONF-2011-047,
      number       = "{LHCb-CONF-2011-047,CMS-PAS-BPH-11-019}",
      collaboration= "{CMS and LHCb collaborations}",
      title        = "{Search for the rare decay $B^{0}_{s}\to \mu^{+}\mu^{-}$ at
                      the LHC with the CMS and LHCb experiments}",
      month        = "{Aug}",
      year         = "{2011}",
}

@lhcbreport{LHCb-CONF-2011-055,
      number       = "{LHCb-CONF-2011-055}",
      collaboration= "{LHCb collaboration}",
      title        = "{Measurement of the ratio of branching fractions
                      $\mathcal{B}(B_d\to K^{*0}\gamma)/\mathcal{B}(B_s\to
                      \phi\gamma)$ with the LHCb experiment at $\sqrt{s}=7\tev$}",
      month        = "{Aug}",
      year         = "{2011}",
}

@lhcbreport{LHCb-CONF-2011-054,
      number       = "{LHCb-CONF-2011-054}",
      collaboration= "{LHCb collaboration}",
      title        = "{Measurement of the Charm Mixing Parameter $y_{CP}$ in
                      Two-Body Charm Decays}",
      month        = "{Aug}",
      year         = "{2011}",
}

@lhcbreport{LHCb-CONF-2011-053,
      number       = "{LHCb-CONF-2011-053}",
      collaboration= "{LHCb collaboration}",
      title        = "{Observations of Orbitally Excited $B_{(s)}^{**}$ Mesons}",
      month        = "{Oct}",
      year         = "{2011}",
}

@lhcbreport{LHCb-CONF-2011-052,
      number       = "{LHCb-CONF-2011-052}",
      collaboration= "{LHCb collaboration}",
      title        = "{Study of Triple Product Asymmetries in $B_s \rightarrow
                      \phi\phi$ decays}",
      month        = "{Aug}",
      year         = "{2011}",
}

@lhcbreport{LHCb-CONF-2011-051,
      number       = "{LHCb-CONF-2011-051}",
      collaboration= "{LHCb collaboration}",
      title        = "{Measurement of $\phi_s$ in $B_s \to J/\psi f_0(980)$}",
      month        = "{Sep}",
      year         = "{2011}",
}

@lhcbreport{LHCb-CONF-2011-050,
      number       = "{LHCb-CONF-2011-050}",
      collaboration= "{LHCb collaboration}",
      title        = "{Measurement of $\Delta m_s$ in the decay $B^0_s \rightarrow
                      D^-_s(K^+K^-\pi^-)\pi^+$ using opposite-side and same-side
                      flavour tagging algorithms}",
      month        = "{Aug}",
      year         = "{2011}",
}

@lhcbreport{LHCb-CONF-2011-049,
      number       = "{LHCb-CONF-2011-049}",
      collaboration= "{LHCb collaboration}",
      title        = "{Tagged time-dependent angular analysis of $B_s\to
                      J/\psi\phi$ decays with 337~pb$^{-1}$ at LHCb}",
      month        = "{Aug}",
      year         = "{2011}",
}

@lhcbreport{LHCb-CONF-2011-048,
      number       = "{LHCb-CONF-2011-048}",
      collaboration= "{LHCb collaboration}",
      title        = "{Measurement of the $B^0_s \to J/\psi K^0_s$ branching
                      fraction}",
      month        = "{Sep}",
      year         = "{2011}",
}

@lhcbreport{LHCb-CONF-2011-046,
      number       = "{LHCb-CONF-2011-046}",
      collaboration= "{LHCb collaboration}",
      title        = "{Measurement of the $CP$ Violation Parameter
                      $\cal{A}_{\Gamma}$ in Two-Body Charm Decays}",
      month        = "{Jul}",
      year         = "{2011}",
}

@lhcbreport{LHCb-CONF-2011-045,
      number       = "{LHCb-CONF-2011-045}",
      collaboration= "{LHCb collaboration}",
      title        = "{Search for $X(4140)$ in $B^+\to J/\psi\phi K^+$}",
      month        = "{Jul}",
      year         = "{2011}",
}

@lhcbreport{LHCb-CONF-2011-044,
      number       = "{LHCb-CONF-2011-044}",
      collaboration= "{LHCb collaboration}",
      title        = "{Evidence for the suppressed decay
                      $B^{\pm}\to(K^{\mp}\pi^{\pm})_{D}K^{\pm}$}",
      month        = "{Jul}",
      year         = "{2011}",
}

@lhcbreport{LHCb-CONF-2011-043,
      number       = "{LHCb-CONF-2011-043}",
      collaboration= "{LHCb collaboration}",
      title        = "{Inclusive $X(3872)$ production in $pp$ collisions at
                      $\sqrt{s}=7\tev$}",
      month        = "{Jul}",
      year         = "{2011}",
}

@lhcbreport{LHCb-CONF-2011-042,
      number       = "{LHCb-CONF-2011-042}",
      collaboration= "{LHCb collaboration}",
      title        = "{Charmless charged two-body $B$ decays at LHCb with 2011
                      data}",
      month        = "{Jul}",
      year         = "{2011}",
}

@lhcbreport{LHCb-CONF-2011-041,
      number       = "{LHCb-CONF-2011-041}",
      collaboration= "{LHCb collaboration}",
      title        = "{$Z$ cross-section measurement at $\sqrt{s}=7\tev$ using the
                      channel $Z \rightarrow\tau\tau$}",
      month        = "{Aug}",
      year         = "{2011}",
}

@lhcbreport{LHCb-CONF-2011-040,
      number       = "{LHCb-CONF-2011-040}",
      collaboration= "{LHCb collaboration}",
      title        = "{First observation of $B_c^+\to J/\psi \pi^+\pi^-\pi^+$}",
      month        = "{Jul}",
      year         = "{2011}",
}

@lhcbreport{LHCb-CONF-2011-039,
      number       = "{LHCb-CONF-2011-039}",
      collaboration= "{LHCb collaboration}",
      title        = "{Updated measurements of $W$ and $Z$ production at
                      $\sqrt{s} = 7\tev$ with the LHCb experiment}",
      month        = "{Jul}",
      year         = "{2011}",
}

@lhcbreport{LHCb-CONF-2011-038,
      number       = "{LHCb-CONF-2011-038}",
      collaboration= "{LHCb collaboration}",
      title        = "{Angular analysis of $B^0\rightarrow K^{*0}\mu^+\mu^-$}",
      month        = "{Aug}",
      year         = "{2011}",
}

@lhcbreport{LHCb-CONF-2011-037,
      number       = "{LHCb-CONF-2011-037}",
      collaboration= "{LHCb collaboration}",
      title        = "{Search for the rare decays $B^0_{(s)} \to \mu^{+} \mu^{-}$
                      with 300 pb$^{-1}$ at LHCb}",
      month        = "{Jul}",
      year         = "{2011}",
}

@lhcbreport{LHCb-CONF-2011-036,
      number       = "{LHCb-CONF-2011-036}",
      collaboration= "{LHCb collaboration}",
      title        = "{Studies of beauty baryons decaying to $D^{0}p\pi^{-}$ and
                      $D^{0}pK^{-}$}",
      month        = "{Jul}",
      year         = "{2011}",
}

@lhcbreport{LHCb-CONF-2011-035,
      number       = "{LHCb-CONF-2011-035}",
      collaboration= "{LHCb collaboration}",
      title        = "{Analysis of $\overline{B}^0_s\to J/\psi \left(\pi^+\pi^-~{\rm
                      and~}K^+K^-\right)$ and the first observation of $J/\psi
                      f'_2(1525)$}",
      month        = "{Jul}",
      year         = "{2011}",
}

@lhcbreport{LHCb-CONF-2011-034,
      number       = "{LHCb-CONF-2011-034}",
      collaboration= "{LHCb collaboration}",
      title        = "{Average f_s/f_d b-hadron production fraction for $7\tev$ pp
                      collisions}",
      month        = "{Jul}",
      year         = "{2011}",
}

@lhcbreport{LHCb-CONF-2011-033,
      number       = "{LHCb-CONF-2011-033}",
      collaboration= "{LHCb collaboration}",
      title        = "{Measurement of the B$^{\pm}$ production cross-section at
                      LHCb}",
      month        = "{Jul}",
      year         = "{2011}",
}

@lhcbreport{LHCb-CONF-2011-031,
      number       = "{LHCb-CONF-2011-031}",
      collaboration= "{LHCb collaboration}",
      title        = "{A measurement of the ratio of branching fractions:
                      $\frac{\mathcal{B}(B^{\pm}\rightarrow D
                      K^{\pm})}{\mathcal{B}(B^{\pm}\rightarrow D\pi^{\pm})}$ for
                      $D\rightarrow K\pi$, $KK$, $K\pi\pi\pi$ and $K^0_S\pi\pi$}",
      month        = "{Jul}",
      year         = "{2011}",
}

@lhcbreport{LHCb-CONF-2011-030,
      number       = "{LHCb-CONF-2011-030}",
      collaboration= "{LHCb collaboration}",
      title        = "{Measurement of the Ratio of Branching Fractions
                      $\cal{B}\mathrm{(B^{\pm} \rightarrow J/\psi
                      \pi^{\pm})/\cal{B}\mathrm{(B^{\pm} \rightarrow J/\psi
                      K^{\pm})}}$ at $\sqrt{\mathrm{s}}=7\tev$ with the
                      LHCb Detector}",
      month        = "{Aug}",
      year         = "{2011}",
}

@lhcbreport{LHCb-CONF-2011-029,
      number       = "{LHCb-CONF-2011-029}",
      collaboration= "{LHCb collaboration}",
      title        = "{Time integrated ratio of wrong-sign to right-sign $D^0
                      \rightarrow K\pi$ decays in 2010 data at LHCb}",
      month        = "{Jul}",
      year         = "{2011}",
}

@lhcbreport{LHCb-CONF-2011-028,
      number       = "{LHCb-CONF-2011-028}",
      collaboration= "{LHCb collaboration}",
      title        = "{Measurement of b-hadron production fractions in $7\tev$
                      centre-of-mass energy pp collisions}",
      month        = "{Jun}",
      year         = "{2011}",
}

@lhcbreport{LHCb-CONF-2011-027,
      number       = "{LHCb-CONF-2011-027}",
      collaboration= "{LHCb collaboration}",
      title        = "{Measurement of $b$-hadron masses with exclusive $J/\psi X$
                      decays in 2010 data}",
      month        = "{May}",
      year         = "{2011}",
}

@lhcbreport{LHCb-CONF-2011-026,
      number       = "{LHCb-CONF-2011-026}",
      collaboration= "{LHCb collaboration}",
      title        = "{Measurement of the $\psi(2S)$ production cross-section at
                      $\sqrt{s}=7\tev$ in LHCb}",
      month        = "{May}",
      year         = "{2011}",
}

@lhcbreport{LHCb-CONF-2011-025,
      number       = "{LHCb-CONF-2011-025}",
      collaboration= "{LHCb collaboration}",
      title        = "{Evidence for the decay $B_s^0 \rightarrow J/\psi
                      \overline{K}^{*0}$}",
      month        = "{Jun}",
      year         = "{2011}",
}

@lhcbreport{LHCb-CONF-2011-024,
      number       = "{LHCb-CONF-2011-024}",
      collaboration= "{LHCb collaboration}",
      title        = "{First observations of the Cabibbo-suppressed decays
                      $\overline{B}^0\to D^{+}K^{-}\pi^{+}\pi^{-}$ and $B^{-}\to D^{0}
                      K^{-}\pi^{+}\pi^{-}$}",
      month        = "{May}",
      year         = "{2011}",
}

@lhcbreport{LHCb-CONF-2011-023,
      number       = "{LHCb-CONF-2011-023}",
      collaboration= "{LHCb collaboration}",
      title        = "{A search for time-integrated $CP$ violation in $D^0
                      \rightarrow h^{+}h^{-}$ decays and a measurement of the
                      $D^0$ production asymmetry}",
      month        = "{Jun}",
      year         = "{2011}",
}

@lhcbreport{LHCb-CONF-2011-022,
      number       = "{LHCb-CONF-2011-022}",
      collaboration= "{LHCb collaboration}",
      title        = "{Central exclusive dimuon production at $\sqrt{s}=7\tev$}",
      month        = "{May}",
      year         = "{2011}",
}

@lhcbreport{LHCb-CONF-2011-021,
      number       = "{LHCb-CONF-2011-021}",
      collaboration= "{LHCb collaboration}",
      title        = "{Measurement of the $X$(3872) mass with first LHCb data}",
      month        = "{Apr}",
      year         = "{2011}",
}

@lhcbreport{LHCb-CONF-2011-019,
      number       = "{LHCb-CONF-2011-019}",
      collaboration= "{LHCb collaboration}",
      title        = "{First observation of the decay $B^0_s \to K^{*0}
                      \overline{K}^{*0}$}",
      month        = "{Apr}",
      year         = "{2011}",
}

@lhcbreport{LHCb-CONF-2011-020,
      number       = "{LHCb-CONF-2011-020}",
      collaboration= "{LHCb collaboration}",
      title        = "{A measurement of the cross-section ratio
                      $\sigma(\chi_{c2})/\sigma(\chi_{c1})$ for prompt $\chi_{c}$
                      production at $\sqrt{s} = 7\tev$ in LHCb}",
      month        = "{May}",
      year         = "{2011}",
}

@lhcbreport{LHCb-CONF-2011-018,
      number       = "{LHCb-CONF-2011-018}",
      collaboration= "{LHCb collaboration}",
      title        = "{Measurement of the effective $B_s^0 \rightarrow K^{+}K^{-}$
                      Lifetime}",
      month        = "{May}",
      year         = "{2011}",
}

@lhcbreport{LHCb-CONF-2011-017,
      number       = "{LHCb-CONF-2011-017}",
      collaboration= "{LHCb collaboration}",
      title        = "{Measurement of the $B_c^+$ to $B^+$ production
                      cross-section ratios at $\sqrt{s} = 7\tev$ in LHCb}",
      month        = "{Apr}",
      year         = "{2011}",
}

@lhcbreport{LHCb-CONF-2011-016,
      number       = "{LHCb-CONF-2011-016}",
      collaboration= "{LHCb collaboration}",
      title        = "{Measurement of the $\Upsilon$ (1$\cal S$) production
                      cross-section at $\sqrt{s} = 7\tev$ in LHCb}",
      month        = "{Apr}",
      year         = "{2011}",
}

@lhcbreport{LHCb-CONF-2011-015,
      number       = "{LHCb-CONF-2011-015}",
      collaboration= "{LHCb collaboration}",
      title        = "{Inclusive jets and dijets in LHCb}",
      month        = "{Mar}",
      year         = "{2011}",
}

@lhcbreport{LHCb-CONF-2011-014,
      number       = "{LHCb-CONF-2011-014}",
      collaboration= "{LHCb collaboration}",
      title        = "{${\cal B}(B^0_s\rightarrow\psi(2S)\phi)/{\cal
                      B}(B^0_s\rightarrow J/\psi\phi)$}",
      month        = "{May}",
      year         = "{2011}",
}

@lhcbreport{LHCb-CONF-2011-013,
      number       = "{LHCb-CONF-2011-013}",
      collaboration= "{LHCb collaboration}",
      title        = "{Measurement of the relative yields of the decay modes
                      $B^0\to D^- \pi^+$, $B^0\to D^- K^+$, $B^0_s \to D^-_s
                      \pi^+$, and determination of $f_s/f_d$ for $7\tev$ $pp$
                      collisions}",
      month        = "{Apr}",
      year         = "{2011}",
}

@lhcbreport{LHCb-CONF-2011-012,
      number       = "{LHCb-CONF-2011-012}",
      collaboration= "{LHCb collaboration}",
      title        = "{W and Z production at $\sqrt{s} = 7\tev$ with the LHCb
                      experiment}",
      month        = "{May}",
      year         = "{2011}",
}

@lhcbreport{LHCb-CONF-2011-011,
      number       = "{LHCb-CONF-2011-011}",
      collaboration= "{LHCb collaboration}",
      title        = "{Measurement of direct $\mathcal{CP}$ violation in charmless
                      charged two-body $B$ decays at LHCb}",
      month        = "{Apr}",
      year         = "{2011}",
}

@lhcbreport{LHCb-CONF-2011-010,
      number       = "{LHCb-CONF-2011-010}",
      collaboration= "{LHCb collaboration}",
      title        = "{Measurement of $\Delta m_d$ in $B^0 \rightarrow
                      D^-(K^+\pi^-\pi^-)\pi^+$}",
      month        = "{Apr}",
      year         = "{2011}",
}

@lhcbreport{LHCb-CONF-2011-009,
      number       = "{LHCb-CONF-2011-009}",
      collaboration= "{LHCb collaboration}",
      title        = "{Observation of double $J/\psi$ production in proton-proton
                      collisions at a centre-of-mass energy of $\sqrt{s} = 7\tev$}",
      month        = "{Apr}",
      year         = "{2011}",
}

@lhcbreport{LHCb-CONF-2011-008,
      number       = "{LHCb-CONF-2011-008}",
      collaboration= "{LHCb collaboration}",
      title        = "{First observation of the decay $\overline{B}^0_s \to D^0
                      K^{*0}$ and measurement of the ratio of branching fractions
                      $\frac{\mathcal{B}\left(\overline{B}^0_s \to D^0
                      K^{*0}\right)}{\mathcal{B}\left(\overline{B}^0_d \to D^0
                      \rho^{0}\right)}$}",
      month        = "{Apr}",
      year         = "{2011}",
}

@lhcbreport{LHCb-CONF-2011-007,
      number       = "{LHCb-CONF-2011-007}",
      collaboration= "{LHCb collaboration}",
      title        = "{Improved Measurements of the Cabibbo Favored Decays
                      $B_{(s)} \to D_{(s)} \pi\pi\pi$ and $\Lambda_b \to
                      \Lambda_{c\pi\pi\pi}$ Branching Fractions}",
      month        = "{Mar}",
      year         = "{2011}",
}

@lhcbreport{LHCb-CONF-2011-006,
      number       = "{LHCb-CONF-2011-006}",
      collaboration= "{LHCb collaboration}",
      title        = "{Tagged time-dependent angular analysis of $B^0_s \to
                      J/\psi\phi$ decays with the 2010 LHCb data}",
      month        = "{May}",
      year         = "{2011}",
}

@lhcbreport{LHCb-CONF-2011-005,
      number       = "{LHCb-CONF-2011-005}",
      collaboration= "{LHCb collaboration}",
      title        = "{Measurement of $\Delta m_s$ in the decay $B^0_s \rightarrow
                      D^-_s(K^+K^-\pi^-)(3)\pi$}",
      month        = "{Apr}",
      year         = "{2011}",
}

@lhcbreport{LHCb-CONF-2011-004,
      number       = "{LHCb-CONF-2011-004}",
      collaboration= "{LHCb collaboration}",
      title        = "{Search for $CP$ violation in $B^0 \to J/\psi K^0_S$ decays
                      with first LHCb data}",
      month        = "{Jun}",
      year         = "{2011}",
}

@lhcbreport{LHCb-CONF-2011-003,
      number       = "{LHCb-CONF-2011-003}",
      collaboration= "{LHCb collaboration}",
      title        = "{Optimization and calibration of the LHCb flavour tagging
                      performance using 2010 data}",
      month        = "{Mar}",
      year         = "{2011}",
}

@lhcbreport{LHCb-CONF-2011-002,
      number       = "{LHCb-CONF-2011-002}",
      collaboration= "{LHCb collaboration}",
      title        = "{Flavor-untagged angular analysis of
                      $\textrm{B}_\textrm{d}^0\rightarrow J/\psi \textrm{K}^*$ 
                      and  $\textrm{B}_\textrm{s}^0\rightarrow J/\psi\phi$ decays 
                              }",
      month        = "{May}",
      year         = "{2011}",
}

@lhcbreport{LHCb-CONF-2011-001,
      number       = "{LHCb-CONF-2011-001}",
      collaboration= "{LHCb collaboration}",
      title        = "{$b$-hadron lifetime measurements with exclusive $b\to
                      J/\psi X$ decays reconstructed in the 2010 data}",
      month        = "{Mar}",
      year         = "{2011}",
}

@lhcbreport{LHCb-CONF-2010-014,
      number       = "{LHCb-CONF-2010-014}",
      collaboration= "{LHCb collaboration}",
      title        = "{Measurement of the inclusive $\phi$ cross-section in $pp$
                      collisions at $\sqrt{s}=7\tev$ with the LHCb
                      experiment}",
      month        = "{Dec}",
      year         = "{2010}",
}

@lhcbreport{LHCb-CONF-2010-013,
      number       = "{LHCb-CONF-2010-013}",
      collaboration= "{LHCb collaboration}",
      title        = "{Prompt charm production in $pp$ collisions at $\sqrt{s} =7\tev$}",
      month        = "{Dec}",
      year         = "{2010}",
}

@lhcbreport{LHCb-CONF-2010-012,
      number       = "{LHCb-CONF-2010-012}",
      collaboration= "{LHCb collaboration}",
      title        = "{Measurements of $B^0$ mesons production cross-section in pp
                      collisions at $\sqrt{s} = 7\tev$ using $B^0 \rightarrow
                      D^{*-}\mu^+ \nu_\mu X$ decays}",
      month        = "{Oct}",
      year         = "{2010}",
}

@lhcbreport{LHCb-CONF-2010-011,
      number       = "{LHCb-CONF-2010-011}",
      collaboration= "{LHCb collaboration}",
      title        = "{Measurement of prompt $\overline{\Lambda}/\Lambda$ and
                      $\overline{\Lambda}/\rm{K}^{\rm{0}}_{\rm{S}}$ production
                      ratios in inelastic non-diffractive pp collisions at
                      $\sqrt{s}$ = 0.9 and $7\tev$}",
      month        = "{Oct}",
      year         = "{2010}",
}

@lhcbreport{LHCb-CONF-2010-010,
      number       = "{LHCb-CONF-2010-010}",
      collaboration= "{LHCb collaboration}",
      title        = "{Measurement of the $J/\psi$ production cross-section at
                      $\sqrt{s} = 7\tev$ in LHCb}",
      month        = "{Oct}",
      year         = "{2010}",
}

@lhcbreport{LHCb-CONF-2010-009,
      number       = "{LHCb-CONF-2010-009}",
      collaboration= "{LHCb collaboration}",
      title        = "{Measurement of the $\bar{p}/{p}$ ratio in LHCb at
                      $\sqrt{s} = 900\gev$ and $7\tev$}",
      month        = "{Aug}",
      year         = "{2010}",
}

@lhcbreport{LHCb-CONF-2010-008,
      number       = "{LHCb-CONF-2010-008}",
      collaboration= "{LHCb collaboration}",
      title        = "{Prompt $K_S^0$ production in $pp$ collisions at $\sqrt{s}$
                      = 900 GeV}",
      month        = "{May}",
      year         = "{2010}",
}
